4716 5778
1142 582 1229 589 --
1274 502 1315 606 8⁹
1341 581 1429 588 „-

374 718 539 803 duplicem
572 719 770 802 scripturam
803 719 1003 804 ἀμφιβαίνεις
1034 728 1069 783 et
1101 719 1289 804 ἀμφιβαλιῖς
1320 726 1473 784 exortam
1504 741 1588 784 esse.
1646 719 1802 785 Fortasse
1840 719 1944 804 igitur
1976 719 2071 785 haee
2111 736 2208 785 erant

375 826 455 890 olim
478 827 616 909 scripta:

1013 919 1155 983 παθοῦσί
1174 913 1201 982 α’
1222 915 1422 1000 ἀμερόκοιτοι

1013 1022 1127 1107 βλαχαὶ
1148 1026 1287 1107 σμικρῶν
1308 1030 1424 1089 τεκέων

1014 1129 1059 1204 εἰς
1081 1127 1191 1196 αὐλάν.
1234 1129 1304 1195 πότ’
1325 1130 1527 1215 ἀμφιπολεῐς,

1015 1237 1165 1325 ποιηρούς
1185 1238 1321 1303 λιποῦσα
1343 1239 1467 1320 νομούς,

1014 1343 1169 1409 Αἰτναίων
1190 1344 1263 1410 εἴσω
1285 1345 1467 1422 muitum

376 1446 528 1527 ‘Quando
551 1446 699 1511 herbidis
723 1449 855 1531 pascuis
879 1448 1005 1513 relictis
1029 1449 1118 1532 apud
1142 1471 1246 1533 agnos
1270 1451 1416 1514 versaris
1440 1450 1529 1513 intra
1551 1448 1721 1513 Aetnaeos
1752 1445 1936 1531 scopulos?'
1986 1446 2208 1533 ἀμφιπολεῖν,

375 1557 468 1637 enjus
493 1576 574 1617 usus
598 1554 686 1637 apud
710 1568 826 1638 poet-as
850 1554 939 1618 haud
961 1556 1155 1639 infrequens
1179 1566 1231 1621 est
1249 1557 1321 1639 (cir.
1338 1554 1457 1639 Oedip.
1474 1554 1545 1620 Col.
1566 1556 1641 1619 680.
1679 1556 1785 1628 θείαις
1806 1551 2000 1636 ἀμφιπολοῑν
2025 1554 2204 1639 adriana).

376 1661 563 1744 significare
597 1661 699 1724 etiam
732 1662 878 1745 ‘illiberri
912 1663 1104 1729 ummoubrIu’
1141 1672 1281 1747 apparet
1313 1685 1355 1727 ex
1388 1662 1526 1727 Theocr.
1561 1661 1659 1745 Idyll.
1690 1660 1717 1737 I,
1752 1660 1835 1733 124,
1870 1658 1928 1722 ubi
1957 1657 2042 1722 Pan
2083 1657 2206 1723 dicitnr

375 1764 570 1849 ἀμφιπολεῖν
590 1771 670 1847 μέγα
695 1768 870 1831 Μαίναλον.
917 1767 959 1831 In
983 1791 1022 1833 eo
1051 1779 1173 1846 antem,
1203 1769 1291 1853 quod
1319 1790 1479 1852 praesens
1509 1770 1655 1833 sustinet
1684 1763 1926 1850 quodammodo
1955 1764 2074 1830 futuri
2104 1764 2202 1835 rioes.

376 1850 653 1935 nemo'offendct.
1676 1857 1680 1865 ⁸

482 1976 674 2041 Mirandum
703 1990 754 2041 est
784 1978 872 2062 quod
901 1979 1127 2059 Wiesznerus,
1164 1984 1221 2065 qui
1244 1982 1415 2047 nonnullis
1446 1982 1525 2046 loeis
1555 1981 1704 2046 criticam
1734 1977 1885 2043 exercuit
1913 1977 2033 2042 sobrio
2062 1978 2199 2063 judicio,

375 2084 537 2148 librorum
565 2084 802 2159 testimonium,
842 2086 899 2151 ubi
928 2088 1097 2171 integrum
1125 2088 1224 2172 plane
1254 2098 1353 2172 atque
1377 2089 1607 2172 incorruptum
1636 2085 1744 2151 videri
1772 2090 1914 2167 poterat,
1952 2085 2102 2167 saepius
2131 2085 2200 2148 sinc

371 2193 465 2275 justa
489 2211 589 2255 causa
612 2191 771 2275 neglexit.

847 2304 878 2345 v.
904 2283 956 2347 83.
995 2284 1131 2365 ποίμνας
1153 2270 1303 2367 ἀθρὸῑσαι
1325 2283 1521 2365 προςπάλονς
1542 2282 1717 2348 κελεύσατε.

376 2385 512 2465 Aldum,
546 2387 580 2450 in
613 2390 706 2470 cujus
741 2387 885 2452 editione
914 2388 1104 2472 προςπόλοις
1131 2389 1312 2464 invenitur,
1346 2410 1421 2452 cum
1450 2387 1578 2453 codices
1603 2387 1798 2472 προςπάλοος
1829 2385 1918 2464 dent,
1948 2407 2016 2469 per
2052 2406 2195 2451 errorem

375 2494 507 2577 lapsrun
532 2515 605 2557 esse
629 2516 690 2577 per
712 2516 748 2558 se
772 2504 879 2577 patet;
917 2504 1066 2557 attamen
1095 2515 1170 2558 curn
1199 2495 1258 2559 alii
1287 2496 1487 2579 scriptulum
1511 2494 1591 2557 Aldi
1613 2491 1865 2577 praeferendam
1895 2502 2110 2558 censuerunt
2131 2504 2196 2555 turn
2281 2519 2282 2524 ¹

376 2600 603 2665 Wieszncrus.
651 2597 749 2679 Quod
771 2623 890 2665 vereor
912 2622 955 2664 ne
980 2601 1158 2684 incogitata
1182 2602 1307 2667 fecerit.
1355 2601 1443 2665 Nam
1473 2622 1581 2676 cansa,
1612 2622 1678 2684 qua
1706 2599 1825 2664 duetus
1854 2598 1908 2663 hio
1938 2600 2145 2684 προςπάλονς
2165 2598 2195 2659 in

377 2706 566 2790 repoenitere
593 2708 718 2771 mutari
745 2707 829 2785 vult,
865 2705 952 2790 quod
976 2705 1155 2790 Euripides
1185 2708 1247 2773 hac
1269 2710 1306 2772 in
1328 2708 1443 2772 fabula
1467 2706 1693 2792 componenda
1717 2706 1858 2771 Homeri
1882 2705 2095 2769 carminibus
2119 2725 2191 2768 usus
2281 2783 2282 2786 Ἴ

381 2813 434 2885 sit,
468 2811 636 2877 Homerus
666 2824 779 2878 autern
806 2812 921 2878 multis
951 2813 1032 2877 locis
1060 2813 1201 2880 reiecisse
1227 2816 1330 2881 verbo
1364 2814 1514 2879 dativum
1546 2813 1746 2896 adjunxerit,
1787 2821 1876 2877 certe
1913 2832 2005 2876 vana
2039 2821 2078 2876 et
2109 2808 2193 2874 nulla

377 2917 525 3003 putanda
540 2928 601 2984 est.
626 2912 703 2985 Non
715 2921 827 2986 minus
842 2929 967 2985 temere
982 2921 1126 2984 mutavit
1141 2920 1224 2986 alios
1234 2923 1333 3001 locos,
1349 2922 1390 2986 de
1401 2922 1521 3005 quibus
1535 2921 1712 3004 posterius.
1737 2918 1911 2996 Similiter,
1927 2916 1962 2982 id
1977 2917 2072 3003 qnod
2086 2916 2190 3002 paucis

378 3046 608 3103 commemoro,
630 3021 710 3090 Otto
730 3027 905 3108 Jahniue)
925 3047 1061 3090 versum
1084 3030 1133 3090 19.
1156 3026 1350 3117 (ἀπηλιώτης
1364 3026 1479 3109 ἄνεμος
1493 3026 1668 3109 ἐμπνεύσας
1683 3026 1775 3113 δορί),
1797 3024 1887 3110 quod
1900 3027 1973 3109 jam
1987 3047 2021 3090 v.
2044 3026 2095 3088 15.
2112 3022 2191 3087 idern

378 3129 515 3196 Silenus
535 3130 622 3196 dicat
641 3129 783 3219 άμφῆρες
801 3134 886 3216 δόρυ,
904 3132 1104 3197 vocabulum
1123 3141 1236 3199 autem
1254 3142 1323 3199 tam
1342 3134 1437 3197 brevi
1457 3133 1565 3216 spatio
1584 3132 1783 3216 interposito
1802 3132 1987 3215 repetitum
2006 3128 2189 3196 necessario

378 3236 533 3315 offendat,
558 3238 671 3302 inutili
694 3240 883 3322 conjectura
906 3240 1094 3323 temptavit,
1118 3263 1178 3324 pro
1202 3241 1274 3325 δορί
1288 3239 1469 3324 legendum
1491 3259 1682 3324 proponens
1701 3240 1825 3323 ωιάφει.
1864 3238 1920 3301 An
1939 3260 2025 3303 vero
2044 3235 2189 3302 hocloco
2281 3289 2282 3302 .

377 3344 518 3409 verbum
550 3353 693 3427 quatuor
725 3345 878 3410 versibus
905 3346 1090 3430 interjectis
1117 3347 1277 3412 iteratum
1304 3347 1385 3411 ferri
1417 3368 1484 3410 non
1515 3352 1640 3429 potest:
1677 3368 1710 3410 v.
1737 3347 1766 3410 5.
1792 3354 1827 3410 et
1851 3348 1880 3410 7.
1912 3344 2005 3410 idern
2039 3344 2112 3425 δόρο
2142 3339 2188 3403 bis

378 3450 526 3535 positum
549 3473 585 3515 se
609 3460 698 3515 recte
722 3450 848 3516 habet?

630 3580 662 3621 v.
691 3560 762 3621 115.
810 3557 929 3623 Ulixes
953 3559 1151 3643 interrogat:
1183 3563 1270 3647 τείχη
1291 3560 1326 3624 δὲ
1349 3563 1414 3623 ποῦ
1433 3556 1491 3622 ’στι
1512 3556 1566 3623 καὶ
1587 3558 1709 3633 πόλεως
1731 3557 1921 3640 πυργώματα
1928 3584 1939 3637 3

379 3661 490 3743 Quinc
516 3686 545 3727 v.
574 3664 646 3727 116.
672 3663 883 3728 librariorum
906 3674 1078 3747 peceatum
1101 3668 1226 3731 sentire
1250 3664 1333 3729 mihi
1356 3663 1481 3742 videor,
1507 3684 1583 3727 enm
1606 3662 1868 3745 exspectandum
1892 3664 1936 3727 sit
1960 3686 2029 3729 non
2052 3660 2106 3728 oda
2124 3653 2185 3731 εἴτ’,

378 3770 413 3833 in
437 3792 502 3853 quo
526 3768 633 3833 adhuc
656 3791 753 3835 nemo
776 3770 967 3847 haesitavit,
993 3772 1052 3836 sed
1076 3769 1133 3839 oria
1154 3771 1222 3839 ἔστ’.

809 3899 840 3941 v.
869 3879 941 3942 131.
980 3872 1063 3943 οἷσθ’
1084 3867 1141 3943 οὖν
1163 3874 1181 3943 ὅ
1202 3879 1334 3962 δράσεις,
1356 3876 1398 3953 cic
1420 3875 1606 3960 ἀπαίρωμεν
1627 3876 1762 3957 χθονός

378 3980 465 4047 Cum
491 3980 644 4059 Contere,
669 3984 726 4067 qui
751 3984 876 4066 optimo
893 3987 971 4068 jure
995 3984 1118 4069 δράσεις
1140 3985 1285 4049 mutavit
1306 3984 1343 4046 in
1365 3984 1489 4068 δρᾶσον,
1512 3981 1715 4046 dissentiunt
1740 3994 1774 4046 et
1798 3983 2027 4062 Hermannns,
2058 3990 2183 4045 conten-

379 4088 471 4157 dens.
506 4087 594 4172 quod
623 4090 670 4153 ita
699 4088 792 4172 loqui
819 4090 911 4154 soliti
941 4092 1009 4155 sint
1032 4091 1147 4170 Attici,
1182 4114 1249 4155 non
1278 4090 1434 4154 continuo
1465 4090 1559 4171 sequi
1589 4111 1645 4153 cos
1674 4089 1797 4172 ubique
1821 4091 1868 4154 ita
1890 4089 2019 4155 locutos
2042 4106 2120 4151 esse,
2152 4086 2181 4140 cl

381 4194 608 4269 Wiesmrcrus,
640 4195 698 4278 qui
720 4196 895 4260 immemor
923 4218 1049 4275 eornm,
1080 4220 1165 4281 quae
1180 4190 1370 4261 Elmsleius
1394 4195 1535 4259 Medeae
1558 4218 1590 4259 v.
1617 4196 1691 4258 600.
1717 4194 1876 4260 adscribit
1910 4200 2032 4279 (nemo
2059 4194 2180 4275 ignorat

379 4302 492 4366 Attice
517 4324 583 4366 non
607 4300 670 4367 dici
694 4295 778 4367 οἷσθ’
799 4301 840 4377 ὡς
861 4304 1012 4388 ποιήσεις,
1035 4303 1094 4367 sed
1116 4299 1202 4370 οἶσθ’
1223 4302 1265 4379 ὥς
1286 4301 1449 4390 reciproci),
1475 4301 1573 4379 locos,
1604 4302 1784 4384 inquibus
1812 4304 2005 4369 inveniatur
2030 4299 2176 4364 futlmffll·

380 4408 567 4492 complures
591 4410 726 4491 profert,
752 4415 790 4471 ut
812 4405 900 4472 Med.
927 4409 1000 4474 600.
1026 4404 1110 4475 οἷσθ’
1131 4409 1172 4486 ὡς
1193 4408 1343 4495 μετεάξης
1384 4409 1457 4489 (ubi
1482 4408 1664 4473 Elmsleius
1687 4430 1767 4473 vcro
1790 4410 1942 4494 reposuit
1962 4400 2122 4492 niratiff)
2143 4402 2175 4457 ⁰²
2281 4397 2282 4412 δ

381 4516 558 4599 praecipue
588 4513 662 4598 Iph.
687 4514 786 4578 Tam.
813 4515 885 4577 747.
916 4512 984 4579 ἀλλ’
1004 4507 1089 4579 olae‘
1109 4509 1127 4579 ὃ
1150 4515 1253 4599 δράσω
1261 4540 1273 4592 ,-
1302 4513 1365 4577 ‘Ex
1395 4514 1465 4593 hoc,
1496 4516 1614 4598 inquit,
1640 4516 1794 4600 exemplo
1824 4516 1959 4581 videtur
1985 4508 2061 4578 mihi
2087 4497 2178 4583 Sequi

382 4620 465 4685 nihil
490 4643 573 4699 csse,
607 4619 694 4703 quod
717 4618 906 4703 Ernipides,
937 4620 965 4684 si
993 4620 1103 4703 prima
1130 4621 1291 4703 temporis
1320 4622 1424 4686 futuri
1453 4642 1596 4705 persona
1620 4622 1655 4685 in
1679 4622 1841 4705 ejusmodi
1864 4623 2003 4688 dodone
2025 4632 2099 4680 usus
2123 4606 2172 4671 flii·

383 4727 490 4792 altera
512 4750 580 4792 non
603 4728 737 4791 utatur'.
786 4724 885 4806 Quod
907 4725 1006 4811 longo
1030 4748 1125 4790 secus
1149 4736 1210 4790 est.
1257 4727 1343 4791 Nam
1367 4748 1441 4793 cum
1461 4727 1647 4812 Iphigenia,
1673 4750 1757 4812 quae
1781 4730 1828 4793 ibi
1852 4730 1989 4813 loquens
2011 4715 2171 4789 inducitur,

382 4834 574 4919 pronuntiet
604 4833 683 4917 quid
711 4835 784 4919 ipsa
813 4834 941 4898 factura
970 4835 1016 4898 sit
1044 4834 1209 4917 (sequitur
1237 4835 1371 4919 φράσω),
1405 4842 1495 4899 certe
1524 4833 1622 4898 aliter
1645 4834 1822 4901 dIcendum
1845 4846 1905 4915 est,
1939 4856 1977 4901 ac
1998 4832 2024 4897 si
2045 4824 2112 4911 quis
2131 4814 2169 4880 lb

381 4939 489 5004 altero
513 4950 605 5023 petat
630 4948 667 5003 ut
691 4938 862 5024 quidpiam
885 4939 994 5017 faciat,
1025 4948 1060 5005 et
1082 4940 1232 5005 futurum
1255 4940 1363 5005 solum
1387 4950 1477 5006 recte
1501 4963 1537 5005 se
1561 4941 1671 5006 habet.
1718 4940 1883 5022 Quotiens
1907 4952 2016 5008 erilem
2036 4930 2108 5019 quil,
2135 4928 2171 4986 Ui
2281 4995 2282 5044 η

493 5170 511 5235 ¹)
531 5170 622 5224 Philol.
642 5170 762 5235 xxvm,
782 5189 840 5238 pag.
860 5170 884 5225 5.

492 5261 511 5325 ¹)
531 5259 587 5311 Nou
606 5261 730 5311 assentior
747 5260 858 5313 Bndolso
877 5260 961 5323 Prinz,
980 5261 1023 5327 qni
1040 5261 1141 5331 ,οετεύξη
1162 5261 1187 5312 iu
1207 5262 1320 5314 editione
1338 5279 1384 5312 sus
1403 5261 1503 5315 retinet.
