4716 5778
1429 662 1469 723 10

539 839 599 901 boc
623 838 830 902 enuntiatum
855 837 961 902 nihilo
984 838 1091 921 nimos
1114 839 1298 903 offensione
1323 848 1428 901 vacat.
1474 838 1531 901 An
1554 861 1634 902 vcro
1657 838 1729 902 ficri
1754 848 1874 922 potest,
1898 848 1936 901 ut
1961 838 2041 903 haee
2063 839 2175 903 omnia
2195 840 2307 905 sicma

538 958 724 1010 uniantur:
749 947 790 1023 aig
810 950 983 1034 μαινοίμην
1003 944 1044 1014 ἄν
1067 951 1112 1035 μη
1133 947 1275 1024 α’ντιδοῠς
1303 946 1432 1011 πάντων
1454 946 1635 1010 Κνκίιόπων
1655 948 1846 1031 βοσκήματα,
1867 949 1946 1029 μίαν
1965 948 2077 1013 κύλικα
2106 947 2233 1027 ἐκπιεῖν,
2254 956 2307 1033 urii

536 1054 635 1139 ῥίψας
656 1054 688 1129 ἐς
713 1052 825 1142 ἅλμην,
850 1052 936 1130 ἅπαξ
955 1059 1160 1139 otdruda&
1202 1052 1300 1134 Quod
1323 1074 1399 1116 eum
1422 1052 1512 1115 credi
1534 1074 1602 1115 nou
1627 1054 1732 1135 possit
1756 1054 1853 1129 (mire
1877 1054 1968 1117 euim
1990 1053 2079 1117 dicta
2105 1072 2214 1117 esseut
2238 1054 2306 1118 baec:

538 1160 722 1233 insaniam,
756 1163 783 1225 si
808 1184 861 1225 mc
886 1186 952 1225 nou
976 1164 1010 1225 iu
1040 1184 1132 1225 mare
1161 1160 1413 1245 praecipitem),
1447 1158 1539 1221 nulla
1569 1181 1612 1223 ex
1640 1158 1842 1224 Kirehhoffii
1872 1163 2070 1244 conjecturis
2098 1162 2228 1225 ridetur
2251 1162 2306 1223 mli

538 1267 711 1330 retinenda
735 1291 818 1333 csse.
865 1268 975 1332 llulto
998 1268 1129 1332 facilius
1153 1267 1413 1352 conspiraverim
1437 1288 1512 1329 (arm
1535 1265 1742 1349 Wieszuero
1774 1267 1832 1349 qui
1854 1267 1922 1351 legi
1944 1267 2019 1331 iult
2041 1266 2170 1353 ῥίψαιμ’
2187 1267 2225 1343 ἐς,
2248 1270 2308 1349 qrioi

538 1374 736 1457 rcspumlcat
758 1377 931 1460 μαινοίμην
957 1376 1071 1453 verbo,
1104 1377 1151 1438 ita
1184 1390 1222 1439 ut
1254 1372 1426 1458 ‘quaedam
1459 1374 1709 1437 enuntiatorum
1742 1373 1925 1437 similitudo
1953 1373 2138 1439 efficiatur!
2186 1372 2307 1439 adens

539 1482 655 1564 inquit,
689 1504 707 1544 a
730 1483 859 1545 minore
883 1482 924 1545 ad
947 1486 1055 1565 majus
1080 1480 1242 1567 procedit:
1281 1492 1318 1545 ut
1346 1480 1460 1543 bibere
1489 1481 1605 1564 possit,
1637 1480 1783 1563 primum
1812 1483 1923 1545 omnia
1952 1480 2031 1545 dare
2055 1482 2138 1553 rult,
2172 1502 2247 1564 quae
2269 1504 2307 1542 <ru

539 1610 602 1649 nou
633 1600 719 1661 suut,
753 1588 872 1652 deiude
901 1612 994 1653 stram
1024 1592 1122 1653 offert
1148 1588 1273 1651 titani?
1322 1585 1532 1668 Quamquam
1560 1600 1689 1670 partem
1721 1586 1951 1651 tantummodo
1978 1589 2051 1651 veri
2081 1602 2246 1653 assecutus
2267 1608 2306 1653 eu.

539 1717 644 1777 tuone
668 1705 738 1758 tota
762 1695 1005 1778 comprobanda
1027 1695 1162 1760 ridetur
1184 1698 1257 1779 ejus
1281 1695 1457 1768 sententia,
1482 1692 1749 1777 quamloquidem
1772 1694 1874 1757 rerba
1897 1694 1973 1758 iude
1998 1716 2017 1758 a
2040 1692 2169 1779 didon?
2187 1694 2217 1768 ἐς
2233 1714 2306 1775 usquc

537 1800 577 1863 ud
607 1800 705 1885 ὁηρῦς
733 1824 806 1866 cum
837 1804 1042 1887 praegressis
1071 1802 1165 1866 nullo
1193 1801 1292 1865 modo
1321 1801 1476 1885 conjmigi
1506 1812 1647 1883 possunt
1675 1801 1797 1863 artiore
1825 1802 1960 1865 vinculo
1989 1811 2147 1883 totusque
2176 1799 2306 1869 locnsui

538 1907 642 1979 labor,
668 1908 714 1972 sic
738 1909 954 1993 explicandus
978 1918 1042 1974 est:
1070 1909 1132 1974 ‘rel
1158 1910 1257 1972 unius
1281 1902 1391 1971 mlicia
1416 1907 1570 1971 ebibcudi
1594 1929 1694 1971 causa
1716 1920 1828 1971 meute
1847 1908 1974 1972 alienor
1992 1909 2144 1973 omnium
2162 1907 2306 1991 Cyclopum

538 2036 656 2095 meges
676 2014 853 2080 dambe.
873 2027 941 2081 tarn
961 2018 1099 2081 insanus
1119 2016 1192 2093 sim,
1213 2025 1249 2078 ut
1269 2015 1417 2077 omuimn
1437 2013 1621 2097 Cycloprmi
1640 2037 1759 2098 greges
1779 2015 1874 2078 vobis
1893 2015 2037 2089 uadam;
2062 2016 2091 2077 si
2110 2030 2217 2078 autem
2234 2013 2304 2075 ,ναοί

538 2134 666 2185 tamum
691 2123 895 2188 temulentus
920 2125 992 2199 sim,
1017 2124 1114 2187 sarde
1137 2144 1190 2185 me
1213 2122 1432 2206 praecipitem
1455 2122 1489 2183 in
1509 2122 1620 2185 mare!
1668 2120 1754 2185 (imi
1773 2120 1909 2186 Silenus
1932 2143 1999 2185 uno
2018 2121 2140 2205 poculo
2158 2126 2222 2203 jam
2238 2138 2304 2204 epau

539 2227 683 2291 nondum
708 2230 862 2313 empulae
886 2231 1006 2314 plenus
1030 2232 1084 2305 sit,
1109 2240 1198 2293 certe
1222 2251 1320 2293 uerno
1344 2228 1406 2290 hoe
1429 2227 1615 2301 contendet,
1640 2249 1741 2291 versu
1768 2230 1839 2292 167.
1865 2228 1948 2291 nihil
1972 2229 2050 2292 nori
2075 2228 2164 2301 addi,
2186 2228 2236 2293 scd
2254 2250 2304 2289 scu

536 2335 674 2399 tentiam
700 2358 817 2400 vorsus
842 2337 932 2401 illius
959 2339 1030 2402 164.
1057 2338 1196 2415 (ἐκπιεῖν
1215 2337 1326 2401 κύλικα
1345 2338 1438 2419 μίαν)
1463 2334 1515 2397 his
1538 2335 1651 2397 verbis
1674 2336 1769 2417 quasi
1792 2336 1908 2418 repeti.
1956 2334 2068 2415 Quare
2098 2335 2247 2399 falluntur
2266 2334 2303 2415 qui

537 2450 587 2517 (nt
613 2441 835 2525 llartungius)
860 2443 1012 2508 Silenum
1044 2446 1211 2508 affirmare
1234 2454 1363 2525 putent,
1397 2462 1471 2504 sese
1495 2442 1594 2504 mlius
1617 2442 1727 2524 poculi
1751 2464 1849 2505 causa
1882 2442 2094 2507 nanciscendi
2119 2466 2156 2506 se
2188 2444 2217 2506 iu
2240 2460 2303 2502 uun

536 2549 741 2632 alejecturum
766 2573 848 2614 esse.
896 2551 981 2615 Post
1002 2553 1182 2637 βοσκήματα
1206 2550 1308 2633 igitur
1331 2552 1454 2632 majore
1474 2547 1685 2612 distinctione
1706 2549 1916 2613 incidendum
1937 2560 2111 2633 totumque
2137 2550 2299 2613 enuntiantur

536 2661 677 2736 χιασταῖς,
701 2670 739 2721 ut
762 2659 808 2721 ita
831 2658 947 2737 dicam,
978 2658 1196 2741 compositum
1222 2665 1282 2719 est,
1330 2653 1491 2734 Quocirca
1515 2660 1549 2737 γέ
1570 2655 1742 2737 particula,
1773 2667 1810 2719 ut
1834 2657 1972 2721 Paleius
1995 2656 2078 2733 vult,
2112 2660 2148 2720 in
2170 2654 2197 2718 κ’
2212 2670 2301 2719 mutan

537 2764 608 2835 (cfr.
635 2763 799 2829 llcraclid.
826 2767 899 2829 685.
925 2769 957 2830 τί
977 2762 1041 2831 δὀὐ
1062 2770 1191 2846 θένοιμι
1210 2758 1270 2831 κᾶν
1290 2765 1348 2847 ἐγώ
1369 2761 1411 2829 δι’
1431 2764 1590 2845 ἀσπίδος)
1614 2761 1791 2845 legendum
1815 2786 1978 2849 propono:

1068 2868 1109 2947 ὡς
1131 2873 1254 2938 ἐκπιεῖν
1274 2870 1334 2936 κᾶν
1354 2872 1465 2935 artano
1485 2875 1656 2956 μαινοίμην
1678 2874 1755 2953 μίαν

1068 2981 1195 3044 πάντων
1215 2981 1397 3044 Korbiane
1417 2977 1559 3054 α’ντιδούς
1578 2978 1766 3064 βοσκήματα·

1067 3086 1200 3174 ῥίψαιμι
1221 3086 1249 3151 ‹l'
1269 3088 1301 3163 ἐς
1320 3084 1423 3173 ἅλμην
1442 3085 1590 3161 λενκιίδος
1610 3091 1725 3171 πέτρας
1748 3084 1813 3151 ἄπο

1068 3190 1154 3271 ἅπαξ
1173 3193 1348 3277 μείίοσίίεὶς
1369 3195 1432 3258 κτλ.

540 3297 678 3361 l’ractcr
711 3322 828 3365 remus
858 3300 979 3375 mixis,
1013 3303 1107 3383 eujus
1137 3302 1242 3364 oratio
1270 3321 1289 3364 a
1319 3301 1498 3363 severitate
1530 3298 1732 3381 tragiconuu
1764 3319 1979 3361 numeror-mu
2011 3298 2097 3363 nihil
2129 3295 2258 3369 discedit,
2282 3294 2301 3352 ’ν

538 3404 681 3469 socuudo
705 3406 846 3471 uiumtri
870 3407 955 3492 pede
979 3418 1197 3491 anapaestum
1220 3408 1255 3470 iu
1274 3406 1419 3490 Cyclope
1444 3406 1749 3488 frequentissimum
1775 3427 1848 3468 csse
1873 3428 1970 3469 uerno
1994 3408 2099 3470 nescit
2126 3408 2194 3489 (cli.
2212 3406 2267 3466 aaa
2282 3416 2301 3459 u

539 3516 643 3593 :'›ob.);
674 3537 714 3577 cx
738 3512 870 3598 ῥίψαιμι
891 3512 920 3577 δ’
939 3514 972 3590 ἐς
994 3526 1104 3578 autem
1131 3514 1172 3579 ob
1196 3514 1406 3577 librariorum
1430 3513 1592 3575 incuriam
1615 3511 1693 3575 oriri
1720 3512 1867 3594 potuisse
1891 3512 1987 3599 ῥίψαι
2009 3511 2034 3576 τ’
2057 3514 2099 3593 ἐς,
2130 3514 2183 3597 qui
2201 3505 2303 3574 unciali>

536 3621 719 3702 scriptume
737 3620 936 3697 meminerit,
957 3622 1052 3685 locale
1073 3620 1238 3685 concedet.
1277 3620 1315 3685 F.
1332 3619 1388 3685 W.
1405 3618 1555 3684 Schmidt
1566 3624 1585 3701 ¹)
1605 3619 1682 3683 huic
1701 3619 1762 3682 toti
1782 3619 1852 3683 loeo
1873 3628 1986 3683 censet
2002 3619 2201 3685 medicinam
2216 3612 2301 3681 allud

536 3728 562 3789 si
595 3727 724 3805 locatur
747 3724 921 3816 μαιοίμην,
950 3732 1024 3811 μιᾶς
1046 3738 1080 3792 et
1108 3738 1224 3811 postea
1252 3727 1351 3812 ῥῖψαί
1368 3723 1394 3789 τ’
1415 3726 1447 3789 b.
1473 3748 1500 3789 e.
1528 3726 1639 3789 ‘velim
1671 3736 1778 3790 totum
1811 3726 1974 3811 acrypbum
2007 3738 2154 3811 epotare,
2186 3748 2236 3811 pm
2258 3742 2302 3783 uuo

536 3834 721 3916 rependens
745 3833 857 3897 onmia
878 3836 1043 3917 pecuaria,
1068 3856 1186 3917 meque
1211 3835 1244 3897 iu
1268 3854 1358 3897 mare
1388 3833 1516 3897 deicere
1547 3833 1618 3896 eta'
1666 3831 1760 3912 Quae
1790 3836 2007 3915 conjectmaa
2042 3835 2302 3917 praescribuntur

535 3940 670 4003 Silenus
689 3944 759 4023 jam
785 3963 826 4004 cx
859 3963 926 4005 uuo
959 3941 1084 4025 scypho
1113 3942 1231 4005 viuum
1260 3940 1453 4004 exhauserit
1482 3949 1516 4003 et
1542 3948 1697 4022 praetem
1720 3960 1804 4023 quae
1829 3939 1940 4002 iubis
1965 3938 2071 4004 Sileni
2096 3942 2205 4006 verbis
2224 3938 2303 4000 ines

534 4046 681 4131 pruunda
705 4059 757 4110 cst
780 4048 831 4109 ris
855 4048 1270 4123 nimiumcomminuatur,
1296 4068 1315 4110 a
1338 4046 1460 4110 criticis
1484 4067 1603 4109 vereor
1625 4068 1667 4110 ue
1692 4046 1749 4108 vix
1773 4045 2038 4129 comprobentur.

639 4154 680 4217 Iu
706 4154 857 4218 versibus
881 4154 997 4217 iudea
1018 4157 1089 4219 lta.
1110 4152 1276 4237 usquead
1298 4155 1369 4216 197.
1395 4174 1468 4216 eum
1493 4174 1711 4235 personarum
1734 4152 1934 4229 distributio,
1960 4154 2093 4237 qualem
2116 4155 2152 4218 in
2174 4148 2303 4217 codicillo

533 4261 733 4336 iurouimus,
768 4260 855 4324 baud
885 4260 983 4324 dubie
1012 4282 1171 4344 perversa
1200 4261 1253 4338 sit,
1282 4261 1353 4343 jam
1377 4259 1587 4345 'Pyrwbittus
1614 4238 1685 4322 iem
1710 4270 1777 4322 taur
1801 4259 1944 4323 feliciter
1968 4260 2149 4344 expedirit,
2180 4274 2214 4322 ut
2232 4252 2302 4320 buli*

533 4368 573 4433 de
599 4390 663 4433 uuo
689 4378 817 4431 tautum
842 4389 941 4431 versu
965 4366 1127 4432 dubitatio
1150 4367 1279 4431 moveri
1302 4366 1418 4450 possit,

1014 4476 1085 4539 193.
1124 4475 1223 4557 οἴμοι·
1247 4475 1389 4561 Κύκλωψ
1409 4470 1454 4540 ὅδ’
1473 4475 1610 4559 ἔρχεται·
1639 4476 1672 4538 τί
1691 4475 1864 4561 δράσομενς

533 4604 630 4665 quiem
655 4581 783 4646 acidiora
807 4580 899 4647 Ulixi
925 4583 1106 4663 assigmaut,
1137 4581 1175 4645 L.
1196 4580 1391 4645 Dindorlius
1417 4580 1532 4645 Sileno
1557 4579 1737 4657 continuat,
1767 4580 1982 4644 Hermanuus
2006 4589 2119 4646 autem
2141 4592 2222 4644 recte
2243 4566 2300 4635 mill

533 4688 632 4752 olioro
666 4689 798 4753 ridetur
830 4688 1022 4752 attribuero.
1076 4688 1125 4751 Ae
1157 4688 1301 4772 primum
1335 4687 1468 4770 quidem
1500 4686 1582 4769 quin
1615 4684 1760 4763 Silenus,
1794 4688 1851 4770 qui
1883 4696 2056 4771 praeterea
2089 4698 2178 4753 totus
2198 4679 2302 4747 ierim

533 4795 672 4859 cmoudo
697 4804 876 4879 occupatus
900 4793 1141 4858 existimandus
1166 4810 1226 4868 cst,
1260 4804 1298 4857 ut
1321 4816 1387 4857 uon
1411 4793 1523 4857 rideat
1546 4792 1626 4876 quid
1649 4794 1735 4858 eirea
1758 4817 1794 4858 se
1818 4806 1945 4873 agatur,
1978 4794 2061 4858 liaeo
2084 4794 2183 4860 rerba
2207 4784 2300 4852 seced·

533 4924 604 4966 caui
630 4902 670 4967 ob
694 4926 765 4968 reru
788 4901 1005 4967 vehementer
1029 4900 1153 4979 dubit0,
1178 4901 1265 4985 quod
1289 4900 1345 4966 illo
1365 4900 1635 4984 insequentibus
1656 4902 1808 4966 versibus
1828 4901 1868 4965 de
1887 4901 1998 4966 Ulixis
2018 4905 2155 4985 ejusque
2173 4897 2300 4992 scuiuruss

533 5009 639 5073 saluto
669 5010 774 5089 timet,
804 5008 844 5073 de
875 5009 944 5072 siris
972 5008 1071 5073 rebus
1100 5007 1183 5072 nihil
1207 5009 1304 5072 timet
1327 5008 1398 5091 (cfr.
1427 5010 1498 5072 195.
1524 5006 1585 5072 Sil.
1609 5010 1669 5072 ἔσω
1692 5012 1808 5091 πέτρας
1829 5008 1913 5095 τῆςδ’
1933 5014 1990 5089 (so.
2015 5010 2074 5095 χρη
2095 5010 2210 5093 φαγεῖν)
2228 4996 2303 5072 eti-7⁶9

530 5112 571 5184 ι’ἰν
591 5118 723 5183 trident
745 5123 791 5199 γε)
816 5138 923 5200 neque
948 5116 1082 5179 omniuo
1106 5115 1252 5179 incertus
1277 5124 1337 5193 est,
1372 5126 1407 5180 ut
1437 5137 1479 5180 ex
1508 5114 1724 5197 sequentibus
1748 5122 1849 5196 patet,
1883 5115 1962 5198 quid
1986 5115 2048 5180 sibi
2073 5112 2241 5179 facicudrnu
2261 5101 2299 5163 ›³1¹‹

533 5222 682 5305 laurique
707 5222 761 5287 bic
783 5246 902 5288 tersus
928 5224 1000 5287 193.
1026 5222 1067 5285 ab
1090 5221 1192 5287 Ulixe
1216 5220 1453 5303 abjudicandus
1477 5230 1537 5286 eat.
1582 5219 1671 5301 Quid
1698 5220 1808 5286 euim?
1838 5223 2057 5287 etiamsinon
2082 5217 2300 5286 comedcu‘uur
2343 5254 2349 5275 .

529 5350 742 5359 ...—-——.—-„„-

643 5402 659 5461 'i
681 5401 778 5467 Saluto
800 5401 892 5469 Jahrb.
915 5400 972 5455 113.
