4716 5778
1228 677 1316 684 ..m
1364 641 1404 703 16
1452 677 1537 683 ..,.-

473 839 505 878 ν.
533 817 627 878 1130.
652 809 748 886 οὕτως
769 810 900 893 α’γείτού
921 806 1009 876 οἶκον
1031 814 1149 895 ίδρνσαι
1171 815 1296 899 φίλων),
1330 815 1418 879 felici
1452 814 1682 880 emendatione
1715 837 1829 881 reram
1863 816 2063 900 scripturam
2095 819 2274 883 revocavit:

474 943 573 1004 quum
596 945 655 985 cur
678 920 849 985 Nauckius
873 920 1035 1005 repudiet,
1060 944 1122 1004 ego
1146 921 1280 1005 quidem
1302 921 1520 987 vehementer
1542 922 1695 988 admiror.
1742 922 1855 987 Etiam
1878 922 2050 1003 hebreice,
2076 925 2133 1008 qui
2156 924 2277 990 vidisse

474 1030 537 1093 sibi
562 1027 765 1109 videbatur)
788 1050 855 1092 non
883 1027 992 1092 solum
1015 1026 1224 1112 Sophoclem.
1258 1027 1318 1093 sed
1345 1050 1461 1094 omnes
1484 1040 1554 1093 tres
1577 1029 1720 1113 tragicos
1744 1030 2030 1114 praepositionum
2052 1033 2277 1115 trajectionem

474 1137 589 1207 vitare,
623 1135 685 1200 boc
708 1136 779 1199 loco
802 1138 988 1219 rabidorum
1018 1135 1229 1201 retinendruu
1262 1158 1335 1201 esse
1368 1136 1547 1201 contendit.
1595 1134 1663 1201 Sed
1696 1158 1770 1201 cum
1802 1146 1940 1220 propter
1972 1136 2112 1203 candem
2143 1161 2215 1202 rem
2247 1141 2278 1203 iu

472 1243 595 1307 multoe¹
621 1265 737 1307 versus
761 1244 966 1325 conjecturae
991 1242 1196 1325 recipiendae
1221 1265 1295 1307 esse
1313 1242 1451 1325 judicet,
1484 1243 1544 1306 rix
1567 1241 1711 1307 dubitari
1735 1250 1855 1327 potest,
1889 1244 1970 1327 quin
1994 1246 2047 1309 rir
2069 1244 2278 1311 doctissimus

474 1349 514 1414 de
538 1349 659 1414 haere
683 1350 718 1412 in
742 1371 862 1432 uurguo
885 1358 1039 1412 versutus
1063 1349 1108 1412 sit
1131 1370 1252 1413 errore.

953 1474 1026 1537 324.
1058 1474 1094 1538 ἐν
1115 1478 1187 1563 ιη’δε
1209 1481 1309 1560 πέτρα
1330 1472 1428 1556 στὲγν’
1449 1476 1511 1555 ἔχω
1533 1477 1729 1563 σκηνώματα,

1057 1574 1078 1667 ἢ
1098 1582 1217 1663 μόσχον
1239 1580 1338 1647 α’πτὸν
1359 1580 1380 1669 ἦ
1401 1606 1431 1647 τι
1449 1582 1585 1667 θήρειον
1606 1582 1699 1659 δάκος

1057 1687 1250 1769 δαινύμενος,
1272 1687 1308 1751 ἐν
1329 1691 1467 1768 στέγοντα
1489 1685 1607 1770 γαστέρ’
1628 1685 1752 1767 ύπτίαν,

1058 1795 1219 1859 decanicis
1240 1794 1389 1875 γάλακτος
1411 1790 1566 1878 α’μφορέα,
1589 1796 1712 1859 πέπλον

1057 1902 1169 1985 κρούω,
1191 1902 1263 1976 Διὸς
1284 1906 1461 1985 βρονταῖσιν
1483 1900 1528 1975 δις
1549 1903 1616 1983 ἔριν
1637 1907 1773 1968 κτύπων.

473 2026 519 2091 Hi
544 2048 662 2090 versus
686 2024 937 2107 corruptissimi,
962 2024 1147 2107 dequibus
1171 2022 1250 2106 quid
1274 2025 1416 2088 sentium
1435 2023 1534 2107 paulo
1553 2023 1688 2089 brevius
1708 2048 1815 2109 nuper
1833 2026 1899 2091 alio
1918 2026 2019 2109 10002)
2043 2027 2279 2095 demonstrari.

474 2156 578 2216 usquc
611 2130 652 2196 ud
684 2132 746 2196 hoc
779 2141 911 2216 ternpus
935 2154 954 2195 u
978 2131 1100 2194 criticis
1123 2129 1248 2193 frustra
1272 2131 1427 2214 temptati
1450 2140 1538 2194 erint.
1586 2130 1636 2195 Ac
1664 2133 1809 2215 primum
1836 2132 1970 2217 quidem
1997 2156 2106 2217 neque
2131 2132 2282 2220 Scaliger

472 2230 509 2306 εδ
530 2246 644 2322 στέγων
666 2263 699 2305 τε
722 2238 897 2313 coniciens,
926 2260 1034 2320 neque
1058 2237 1218 2301 Reiskius
1242 2225 1278 2302 εύ
1299 2241 1414 2317 τέγγων
1435 2259 1469 2300 τε
1492 2237 1590 2301 scribi
1609 2238 1732 2319 jubens
1756 2248 1874 2323 poetae
1898 2240 2001 2305 verba
2024 2240 2087 2305 hoe
2112 2241 2214 2306 modo
2244 2242 2280 2304 od

473 2347 649 2411 sanitatem
674 2346 823 2421 rovocari
847 2344 1029 2410 editoribus
1052 2358 1152 2427 atquc
1176 2342 1415 2426 interpretibus
1438 2343 1639 2425 persuadere
1663 2354 1854 2429 potuerunt,
1879 2346 1968 2431 quod
1991 2348 2182 2414 tumidius
2207 2371 2280 2414 con·

465 2456 598 2538 jectum
622 2475 661 2517 eu
684 2475 768 2536 quae
788 2450 988 2516 antecedunt
1007 2449 1118 2534 (στὲγύ
1139 2454 1200 2532 ἔχω
1223 2451 1431 2539 σκηνώματα),
1457 2472 1531 2514 curn
1550 2450 1683 2515 Reiskii
1702 2475 1820 2517 versus
1841 2456 1915 2517 327.
1936 2455 2112 2537 (ἐπεκπαδν
2133 2457 2283 2536 γάλακτος

472 2558 631 2646 ἀμφορέα)
664 2558 881 2623 vehementer
913 2580 1061 2642 pugnare
1094 2557 1236 2621 ridetur.
1293 2555 1410 2638 Neque
1442 2578 1523 2621 vero
1555 2559 1662 2641 magis
1694 2560 1827 2642 probari
1860 2568 1970 2644 potest
2007 2557 2042 2623 id
2078 2560 2169 2643 quod
2207 2562 2280 2626 olim

471 2666 648 2731 Jacobsius
671 2665 849 2749 legendum
874 2674 1049 2729 censuerat
1071 2653 1107 2730 εδ
1129 2669 1245 2727 στένων
1266 2686 1301 2727 τε
1324 2661 1369 2741 (h.
1396 2685 1424 2726 e.
1449 2674 1599 2728 ronti-cru
1624 2666 1820 2749 resupinum
1842 2666 1986 2750 implens
2011 2667 2195 2749 carnibus),
2220 2692 2280 2733 nou

472 2773 580 2837 solum
604 2772 691 2855 quod
715 2796 781 2837 uon
804 2778 900 2838 στένω
924 2771 981 2835 sed
1005 2773 1114 2835 στείνω
1137 2768 1236 2851 idque
1260 2768 1348 2852 apud
1371 2767 1557 2833 Homerum
1580 2779 1679 2855 atque
1703 2773 1778 2837 illos
1802 2774 1859 2857 qui
1889 2777 1961 2857 ejus
1989 2774 2143 2856 vestigiis
2171 2777 2281 2860 ingre-

472 2879 610 2944 diuntur
633 2879 693 2943 buc
721 2879 964 2963 significatione
994 2883 1184 2959 usmpatur,
1218 2874 1277 2939 sed
1305 2877 1406 2940 etiarn
1433 2876 1521 2958 quod
1543 2873 1563 2963 ἢ
1584 2879 1703 2959 μόσχον
1726 2919 1767 2927 -
1791 2882 1975 2965 δαινύμενος
1997 2892 2032 2946 et
2045 2872 2091 2947 ἐδ
2112 2888 2233 2948 στένων
2253 2905 2281 2947 τε

474 2988 543 3050 fere
573 2985 659 3051 idem
684 2986 869 3070 designa-nt,
903 2996 1076 3070 praetcrea
1099 2971 1134 3047 eri
1151 2984 1252 3065 juxta
1274 2987 1391 3046 στένων
1412 2982 1585 3047 redundat
1632 2984 1740 3051 Miror
1766 2987 1870 3071 igitur
1897 2988 2000 3052 fuisse
2029 2989 2083 3053 cui
2105 2987 2280 3053 Jacobsius

472 3092 645 3157 videretur
667 3116 784 3158 rerum
808 3092 941 3157 vidisse.
988 3091 1143 3173 Denique
1167 3111 1209 3152 nc
1232 3086 1268 3152 id
1290 3087 1424 3171 quidem
1447 3090 1535 3172 quod
1557 3090 1676 3156 Fixius
1699 3095 1873 3176 proposuit
1896 3096 2043 3160 ἐκτείνων
2063 3119 2098 3161 τε
2119 3097 2282 3180 recipien-

471 3199 552 3263 dum
575 3209 635 3269 cst.
670 3222 744 3265 eum
767 3222 927 3284 praescus
956 3212 1088 3281 tempus
1115 3196 1228 3260 verbis
1252 3217 1337 3278 quac
1360 3205 1546 3278 sequuntur
1568 3198 1730 3262 δπεκπιοίν
1753 3210 1787 3265 et
1809 3202 1921 3284 κρανίον,
1953 3201 2151 3284 quibuscum
2180 3204 2280 3267 multo

473 3306 594 3372 melius
618 3307 825 3390 conspiraret
848 3308 995 3382 ἐκτείνας,
1019 3303 1110 3368 nullo
1133 3301 1231 3367 modo
1255 3302 1439 3366 conveniat.
1473 3303 1584 3367 Multo
1603 3304 1704 3377 etium
1722 3309 1829 3390 major
1847 3316 1900 3370 est
1917 3305 2097 3372 difficultas
2116 3308 2153 3371 in
2174 3310 2279 3374 verbis

472 3416 598 3480 πέπλον
618 3415 720 3499 κρούω
743 3412 851 3477 adhuc
874 3434 894 3476 a
916 3411 1008 3475 nullo
1033 3411 1080 3474 sic
1098 3409 1246 3487 mutatio,
1271 3407 1419 3473 utnulla
1439 3408 1601 3474 dubitatio
1622 3411 1837 3495 relinquatur.
1876 3413 1918 3477 ln
1937 3415 2058 3497 quibus
2077 3416 2279 3501 corrigendis

473 3531 505 3586 ct
539 3520 744 3604 explicandis
777 3541 852 3583 eum
884 3517 960 3582 iude
989 3516 1217 3599 ubiusgrarii
1251 3516 1456 3599 temporibus
1488 3517 1553 3580 riri
1586 3516 1673 3581 docti
1706 3541 1864 3603 magnum
1897 3520 2046 3585 studium
2077 3522 2279 3606 multamque

473 3650 609 3711 operum
642 3627 885 3699 collocaverint,
919 3648 958 3689 eo
987 3625 1095 3709 magis
1129 3622 1274 3687 admiror
1306 3622 1393 3705 quod
1416 3623 1637 3688 Weckleinus
1670 3625 1794 3689 πέπλον
1816 3625 1917 3708 κρούω
1946 3626 2124 3692 defendere
2158 3629 2279 3694 studuit

472 3733 870 3818 p1·oxinrchisverbis³):
898 3732 959 3796 ‘Ne
982 3732 1056 3815 quis
1080 3731 1143 3794 boc
1166 3729 1292 3794 salibus
1316 3728 1504 3795 comoediae
1524 3730 1671 3794 Gmecae
1696 3752 1813 3813 parurn
1837 3730 1996 3797 adsuetus
2019 3736 2126 3819 magis
2147 3734 2279 3800 crmdide

473 3841 613 3924 accipiat
641 3863 739 3924 quam
764 3839 907 3923 Cyclops
936 3838 976 3902 dc
1005 3861 1040 3901 so
1070 3860 1167 3901 (trime
1196 3837 1346 3919 lacteque
1370 3837 1469 3900 nimis
1494 3838 1656 3921 completo
1681 3836 1769 3909 dicit,
1804 3837 1917 3902 aridiat
1941 3838 2176 3927 Strepsiadem
2199 3840 2279 3926 opud

473 3946 732 4031 Aristophanem
754 3946 840 4012 Nou
862 3948 935 4011 293.
957 3956 1040 4029 ctqs.
1061 3944 1149 4008 idem
1172 3943 1284 4008 verbis
1308 3945 1418 4007 minus
1442 3943 1607 4027 ambiguis
1630 3944 1927 4027 pronuntiantem’.
1976 3947 2033 4012 δίο
2051 3947 2278 4017 Weckleiniu'.

474 4055 533 4120 sed
565 4078 619 4119 res
649 4070 700 4118 est
728 4053 803 4117 ulia.
851 4052 1072 4137 Str-epsiadea
1107 4074 1180 4116 cum
1206 4050 1361 4115 Socrates
1394 4050 1539 4115 nubibus
1571 4051 1734 4116 invocatis
1767 4073 1843 4114 eum
1876 4032 2070 4137 interroget,
2105 4077 2187 4119 num
2213 4058 2279 4139 ¹ium

473 4163 600 4228 tonitru
624 4160 745 4240 ruuliut,
771 4160 851 4224 bace
876 4158 1067 4243 respondet:

845 4283 898 4350 καὶ
920 4287 1052 4369 σέβομαί
1071 4282 1106 4365 γ’,
1129 4274 1154 4348 ei
1175 4284 1389 4370 πολυτίμητοι,
1411 4281 1465 4347 καὶ
1485 4282 1637 4367 βούλομαι
1659 4280 1915 4367 ἀνταποπαρδεῖν

847 4393 926 4477 πρὸς
947 4393 1001 4467 τὰς
1021 4391 1166 4476 βροτούς·
1189 4385 1286 4464 ούτως
1307 4387 1402 4465 αύτάς
1422 4393 1611 4473 τετρεμαίνω
1633 4386 1687 4453 καὶ
1708 4390 1902 4476 πεφόβημαι.

474 4516 567 4581 Idem
592 4539 610 4581 a
635 4516 829 4601 Strepsiadc
857 4515 921 4580 dici
950 4524 1049 4598 atquc
1078 4514 1132 4578 hic
1155 4536 1175 4577 a
1198 4512 1344 4597 Cyclope
1373 4524 1435 4597 ego
1464 4512 1597 4596 quidem
1628 4536 1694 4577 uon
1722 4512 1829 4578 rideo.
1878 4512 1967 4579 Sanc
1987 4515 2122 4599 quidem
2145 4530 2276 4599 uterque

475 4646 510 4688 se
541 4625 670 4689 caelruu
692 4624 888 4705 divinasque
921 4644 975 4685 res
1008 4632 1218 4686 contemnere
1252 4621 1406 4698 affirmat,
1440 4619 1498 4684 sed
1523 4618 1665 4703 Cyclops
1698 4630 1873 4704 praeterea
1905 4643 1979 4685 curn
2002 4622 2089 4688 Jove
2123 4624 2218 4708 quusi
2248 4623 2278 4684 iu

474 4740 643 4796 certamen
666 4730 866 4796 ‹leseeuderc
890 4729 972 4805 vult,
999 4740 1035 4792 ut
1058 4751 1132 4793 sese
1155 4751 1224 4793 non
1245 4727 1357 4791 minus
1381 4726 1507 4791 clarum
1530 4726 1692 4810 crepitum
1716 4725 1814 4790 edere
1838 4750 1936 4810 posse
1956 4728 2162 4795 demonstret
2187 4750 2277 4813 quum

474 4837 583 4902 illum:
618 4839 705 4921 quod
729 4836 940 4921 Strepsiades
970 4858 1037 4899 non
1060 4834 1143 4900 ruit.
1190 4834 1331 4900 Accedit
1353 4833 1439 4918 quod
1464 4833 1683 4899 dubitandum
1705 4844 1766 4909 est,
1801 4855 1881 4896 num
1904 4835 2029 4917 κρούειν
2050 4837 2176 4901 πέπλον
2198 4835 2277 4900 idem

475 4946 520 5009 sit
543 4958 641 5028 atquc
665 4942 870 5028 ἀποπαρδεῖν.
918 4941 1059 5025 Quoquo
1086 4941 1184 5007 modo
1212 4964 1265 5006 res
1294 4964 1330 5007 se
1364 4941 1474 5019 habet,
1509 4940 1563 5005 vel
1590 4941 1626 5003 in
1656 4940 1716 5004 hoc
1740 4940 1793 5004 rir
1816 4938 1931 5004 doctus
1962 4940 2130 5007 offendere
2158 4942 2276 5008 debuit.

586 5194 603 5261 ¹)
622 5195 671 5247 vid.
691 5193 789 5261 :taliub
808 5192 903 5259 Subur.
926 5192 1002 5245 istu.

582 5286 602 5349 ⁷)
622 5287 667 5337 νίν.
687 5283 777 5334 Ptilol.
797 5281 928 5343 mvn,
953 5282 1000 5334 Bd.
1023 5281 1033 5332 i
1056 5298 1114 5348 pag.
1138 5279 1195 5333 172.

582 5371 602 5439 ³)
622 5373 667 5427 cfr.
686 5373 741 5439 ejus
760 5374 841 5423 Curae
860 5373 970 5435 criticae,
991 5369 1085 5440 8ttbrb.
1109 5369 1184 5424 1877.
