4716 5778
1342 438 1690 499 .-ψ-32-.

625 615 659 678 in
688 612 750 679 hoc
778 614 843 677 viri
870 612 1054 678 doctissimi
1082 613 1232 697 opinioni
1259 612 1481 679 accedendum
1515 635 1583 678 non
1616 636 1689 679 esse
1716 616 1788 698 jem
1820 634 1922 697 supra
1954 611 2195 677 demonstrari.
2242 613 2347 677 Habe

623 720 715 785 loeus
753 720 888 784 omnino
925 718 1026 795 nihil,
1063 719 1099 783 in
1131 742 1197 803 quo
1230 718 1446 785 offendamus.
1494 720 1581 785 Nam
1615 719 1703 805 quod
1737 726 1817 784 sunt
1848 719 1903 804 qui
1938 719 2103 783 mirentur
2135 716 2288 783 Orestem
2313 746 2347 783 ν

624 827 799 892 vociferari
821 830 854 891 τί
872 828 948 914 δῆτα
970 828 1109 910 δρῶμενς
1132 836 1166 890 et
1189 829 1263 892 969.
1289 830 1356 903 πῶς
1378 829 1434 911 γὰρ
1455 828 1557 891 κτάνω
1579 851 1639 906 νιν,
1661 824 1736 913 ἦρ’
1757 829 1882 913 ἔθρεψε
1904 825 2049 904 edessem
2072 847 2188 890 nonne
2213 826 2349 899 fratreur

624 934 799 998 confestim
833 933 875 997 ab
907 933 1003 996 initio
1036 931 1174 996 dubium
1206 932 1320 1009 fuisse,
1354 931 1413 997 sed
1445 933 1557 997 subito
1589 934 1739 1016 coepisse
1771 932 1882 996 animo
1909 932 2081 1009 fluctuare,
2116 931 2202 1015 quid
2233 933 2333 999 farem.

623 1040 777 1104 Electrae
801 1040 907 1123 ipsius
930 1039 1043 1103 verbis
1067 1041 1112 1121 (r.
1130 1040 1220 1121 968.)
1243 1039 1432 1104 luculenter
1455 1041 1615 1122 apparet?
1662 1039 1774 1103 Antea
1796 1062 1832 1103 se
1856 1038 2003 1104 voluisse
2026 1048 2174 1104 manem
2199 1040 2323 1103 occidere
2336 1062 2349 1123 gr

623 1147 704 1211 dicit
726 1170 757 1211 r.
784 1148 862 1211 614:
888 1141 968 1233 b'xm'
990 1145 1028 1211 πὶ
1049 1146 1140 1211 τόνδε
1161 1151 1328 1231 στέφανον.
1372 1143 1462 1225 Quid
1484 1145 1611 1210 multa?
1635 1147 1670 1209 in
1692 1168 1724 1210 r.
1750 1148 1931 1209 eea—67.
1956 1144 2042 1209 nihil
2065 1154 2118 1210 cst
2140 1145 2325 1210 mutandum.

731 1252 795 1317 His
819 1252 947 1317 duobus
971 1251 1051 1316 lucis
1071 1252 1154 1317 alios
1173 1252 1390 1337 adjungerem
1409 1252 1606 1336 complures,
1631 1274 1714 1336 quos
1733 1251 1839 1317 critici
1857 1250 2015 1316 ridentur
2032 1261 2162 1317 temere
2183 1260 2349 1336 transposui

624 1361 689 1424 nisi
722 1360 904 1424 necessitas
937 1358 1022 1423 hane
1054 1358 1314 1442 disputationem
1346 1358 1485 1423 finiendi
1517 1359 1674 1424 obstaret.
1731 1357 1828 1439 Quod
1861 1380 1937 1422 enm
1967 1358 2015 1421 ita
2048 1359 2101 1433 sit,
2135 1359 2230 1424 malo
2260 1382 2333 1443 parus

624 1470 778 1536 Helenae
801 1488 835 1536 r.
858 1468 934 1535 991.
958 1465 1076 1543 dicere,
1102 1487 1201 1549 quem
1225 1474 1418 1551 corruptum
1441 1487 1515 1530 esse
1539 1465 1646 1531 adhuc
1669 1487 1766 1530 nemo
1789 1474 1923 1549 praeter
1945 1464 2206 1530 Kirchlmffinm
2227 1466 2310 1529 ridit:

1096 1592 1169 1654 991.
1207 1594 1241 1656 τί
1260 1594 1356 1657 ταῦτα
1377 1591 1521 1675 δακρύοις
1542 1591 1587 1666 εἰς
1609 1593 1644 1655 ed
1666 1590 1750 1677 θῆλυ
1771 1590 1961 1672 τρεπόμενος

1206 1698 1325 1773 ἐλεινὸς
1348 1687 1386 1784 ἦν
1407 1692 1448 1763 δν
1468 1698 1589 1780 μᾶλλον
1611 1691 1631 1784 ἢ
1652 1697 1842 1783 δραστήριος.

624 1822 657 1884 τί
676 1823 791 1900 ταῦτα;
823 1824 874 1904 (ut
898 1821 1048 1885 scribunt·
1071 1819 1230 1902 editores)
1258 1820 1320 1885 hec
1348 1820 1420 1885 loeo
1449 1819 1590 1885 absurde
1619 1820 1828 1897 dictumest,
1862 1821 2020 1903 quoniam
2043 1819 2235 1897 Menelaus,
2266 1844 2342 1903 νην-ι-

626 1925 705 2009 quid
727 1926 874 1991 facturus
899 1928 953 2005 sit,
977 1928 1043 1991 nisi
1067 1948 1142 1991 cum
1164 1926 1297 1991 Helena
1320 1926 1510 1992 dimittatur
1532 1927 1718 2002 incolumis,
1741 1926 1783 1990 ad
1806 1936 1994 1991 extremum
2017 1949 2085 1991 non
2107 1928 2213 1993 debet
2236 1927 2345 1993 exclan·

626 2031 716 2115 ‘qnid
743 2032 808 2097 ista
836 2033 930 2098 dico?
963 2032 1051 2117 qued
1078 2033 1186 2118 magis
1215 2033 1425 2098 miserandus
1454 2054 1553 2117 quam
1583 2042 1740 2098 strenuus
1768 2055 1887 2109 essem,
1921 2034 1950 2096 si
1978 2033 2161 2098 lacrimans
2191 2034 2233 2099 ad
2259 2035 2334 2096 buu

625 2138 799 2204 mollitiem
830 2162 884 2204 me
916 2140 1165 2205 converterem?
1214 2139 1327 2220 Quare
1359 2140 1595 2205 Kirchheffius
1628 2140 1728 2204 scribi
1755 2139 1866 2221 jubet:
1901 2138 1931 2203 εἰ
1953 2137 1984 2202 δ’
2010 2137 2083 2204 αὕτ’
2110 2139 2260 2223 edessan*
2284 2140 2340 2212 akr

625 2254 739 2329 aperte
762 2248 924 2311 memoria
944 2256 1065 2311 tenens
1089 2260 1174 2331 quae
1197 2245 1373 2311 Menelaus
1396 2271 1428 2311 r.
1455 2249 1529 2312 947.
1555 2246 1647 2311 dicit-t

1157 2370 1216 2453 ἐγώ
1238 2374 1294 2437 σὸν
1314 2370 1385 2438 οὔτ’
1405 2368 1446 2438 δν
1466 2380 1654 2458 προςιιεσεδν
1675 2372 1786 2458 τλαίην
1806 2371 1890 2452 γόνυ,

1157 2474 1226 2544 οὔτ’
1246 2476 1287 2544 ἄν
1307 2480 1457 2564 δακρῦσαι
1478 2480 1637 2563 βλέφαρον
1656 2477 1722 2543 κτλ.

626 2582 694 2648 Sed
716 2586 823 2669 magis
847 2585 980 2669 placent
1003 2584 1096 2649 haee:

1157 2694 1191 2756 τί
1211 2696 1307 2758 ταῦτα
1329 2692 1451 2775 δακρύω
1472 2688 1497 2766 ’ς
1515 2690 1551 2754 τὸ
1573 2691 1657 2777 θῆλυ
1680 2690 1886 2772 νρειιόμενος;

1157 2798 1276 2873 ἐλεινὸς
1296 2788 1336 2884 ἦν
1357 2792 1397 2863 ἄν
1417 2797 1538 2879 baller
1558 2790 1580 2881 ἢ
1589 2796 1790 2889 δραστήριος.

624 2921 775 2997 §littera
802 2921 926 3007 δακρύω
955 2922 1058 2986 verbo
1088 2922 1183 2986 facile
1213 2944 1256 2986 ex
1283 2945 1299 2995 ς
1326 2921 1551 3005 subsequente
1580 2917 1656 3003 (εἰς)
1687 2940 1872 2985 accrescere
1901 2922 2020 3004 potuit.

1960 3382 2037 3464 Dr.
2064 3381 2117 3465 R.
2147 3376 2304 3466 senen
