4716 5778
1154 488 1458 550 -1·2.„.„

400 661 490 746 quod
510 672 655 746 nequeat
673 663 860 747 signifieare
882 664 1110 747 superstites,
1131 662 1208 728 huie
1226 662 1341 728 versui
1360 663 1492 728 obelum
1509 665 1675 749 praefigit,
1696 666 1853 748 quoniam
1866 664 2073 749 Byzantinus
2092 671 2216 748 stupor

401 792 480 835 enm
508 771 757 854 excogitaverit.
811 767 880 835 Sed
907 771 965 854 qui
995 768 1103 835 Sileni
1130 769 1236 835 verba
1266 792 1294 833 v.
1322 772 1393 834 195.
1420 770 1496 853 (ἔσω
1519 778 1636 858 πέτρας
1656 772 1748 861 τῆςδ,
1766 756 1865 857 οὗπερ
1887 766 1927 839 όν
1948 774 2081 838 leuem
2102 772 2151 855 ys)
2176 780 2216 835 et
2249 816 2257 833 .

405 879 476 942 197.
503 875 557 960 (αδ
576 879 694 945 δεινόν·
718 877 779 944 εἶσὶ
807 878 984 963 καταφυγαὶ
1003 878 1120 944 πολλαὶ
1140 876 1272 963 πέτρας)
1295 878 1456 941 memoria
1477 878 1615 955 tenebit,
1640 879 1776 943 Ulixem
1800 878 1956 943 ooneedet
1978 886 2108 962 postu.
2134 879 2212 941 201.

400 981 469 1049 ἀλλ’
484 984 514 1049 εἰ
536 985 600 1049 κτλ.
625 1005 731 1068 panea
754 984 874 1049 debere
898 982 939 1048 od
962 984 1051 1048 hune
1073 984 1143 1049 fere
1166 981 1301 1048 modum
1324 981 1458 1048 addere:
1495 993 1565 1047 ‘aut
1593 1007 1662 1049 non
1693 985 1874 1050 morientes
1906 985 2046 1069 gloriam
2079 1005 2214 1067 quoque

400 1090 577 1173 pristinam
602 1090 893 1155 eonservabimus‘.
937 1088 1007 1155 Cur
1034 1091 1139 1175 igitur
1167 1089 1222 1154 hie
1244 1089 1430 1154 versiculus
1453 1091 1543 1155 inter
1565 1090 1740 1174 languidos
1763 1100 1798 1156 et
1816 1091 1966 1157 elumbes
1985 1089 2215 1155 numerandus

401 1197 455 1275 sit,
487 1219 549 1281 ego
581 1196 715 1281 quidem
747 1197 943 1280 intellegere
974 1218 1042 1261 non
1074 1218 1220 1280 possum.
1268 1196 1327 1271 ζῶν
1350 1205 1461 1261 antem
1491 1197 1606 1262 eodem
1635 1198 1732 1263 modo
1761 1198 1886 1263 ‹lietmn
1910 1210 1962 1262 est
1983 1196 2152 1263 Heraelid.
2178 1219 2212 1261 v.

405 1306 499 1368 1051.
523 1306 567 1389 μὴ
590 1306 648 1389 γὰρ
669 1306 807 1392 ἐλπίσῃς,
828 1299 914 1380 ὅπως
937 1292 1030 1378 αὖθις
1049 1303 1197 1388 πατρῴας
1216 1305 1276 1380 ζῶν
1296 1301 1345 1385 ἔμ’
1365 1304 1506 1388 ἐκβαλεῖς
1527 1307 1652 1386 χθονός.

508 1409 550 1473 In
576 1432 608 1474 v.
639 1412 712 1474 245.
741 1408 944 1493 jampridem
976 1410 1109 1493 egregie
1141 1417 1320 1492 persanato
1349 1409 1576 1489 Wiesunerus‚
1611 1422 1649 1474 ut
1680 1411 1813 1489 essolet,
1853 1432 1973 1477 novem
2007 1410 2215 1495 excogitavit

397 1517 611 1599 scripturam.
658 1516 820 1601 Legimus
844 1517 933 1580 enim

872 1645 904 1687 v.
931 1625 1004 1686 244.
1043 1623 1195 1707 πλήσοασι
1217 1622 1312 1709 audiv
1327 1622 1384 1709 τήν
1405 1623 1484 1710 ἐμὴν
1503 1621 1558 1689 o‘n'
1580 1622 1739 1709 ἄνθρακας

1040 1730 1164 1816 θερμὴν
1183 1730 1306 1805 ἔδοντας
1330 1730 1421 1795 δαῖτα
1441 1735 1487 1816 τῴ
1506 1732 1680 1816 κρσονόμῳ,

1041 1837 1079 1901 τὰ
1101 1834 1128 1901 δ’
1150 1835 1186 1900 ἐκ
1205 1837 1332 1924 λέβητος
1352 1839 1440 1922 ἑφθοὶ
1461 1835 1515 1902 καὶ
1537 1840 1687 1926 τειηκότα
1707 1840 1771 1903 κτλ.

402 1960 488 2025 (lum
511 1960 727 2046 Musgravius
750 1960 892 2044 palmari
915 1963 1113 2042 conjectura,
1146 1960 1188 2023 ab
1217 1959 1371 2024 omnibus
1400 1959 1518 2043 eupillo
1547 1970 1690 2044 recepta,
1723 1962 1771 2025 ita
1794 1963 1946 2046 eorrigat,
1981 1973 2019 2026 ut
2042 1961 2119 2028 δαῖτ’
2137 1961 2215 2047 ἄτερ

401 2067 577 2153 κρεανόμον
600 2071 675 2151 (pro
697 2089 763 2150 quo
786 2066 962 2132 Dobraeus
989 2065 1120 2130 mavult
1141 2066 1336 2150 κρεανόμων)
1366 2077 1539 2150 proponat,
1574 2078 1686 2131 tamen
1710 2068 1927 2133 Wiesanerus
1950 2074 1997 2155 τῴ
2011 2071 2113 2153 speeie
2126 2070 2217 2154 νόμῳ

406 2172 641 2259 preferendum
669 2184 792 2251 eenset,
826 2194 868 2237 ex
900 2195 964 2256 quo
994 2173 1125 2236 etiamsi
1155 2192 1195 2235 ea
1223 2192 1323 2255 quam
1349 2172 1410 2236 ille
1438 2182 1536 2256 putat
1558 2175 1727 2238 sententia
1751 2177 1892 2259 exprimi
1917 2186 2031 2260 posset
2056 2175 2133 2259 ‘autb
2157 2175 2216 2241 art

406 2284 464 2349 ναν
493 2281 722 2367 λλοῑῴαῇναῑνιίΐ
750 2280 801 2347 bu·
829 2280 1026 2367 ῧίνίἱόρῇδόδ
1061 2280 1201 2364 (putavi,
1234 2279 1352 2361 inquit,
1387 2278 1568 2363 (pelopem
1596 2280 1658 2345 hoe
1686 2280 1758 2345 loeo
1787 2284 1936 2347 earniimi
1963 2303 2096 2366 genera,
2127 2302 2214 2365 quaa

402 2387 623 2453 devoraturus
648 2388 701 2465 sit,
726 2386 958 2470 distinguere),
982 2396 1096 2450 tamen
1118 2388 1242 2461 ἔδοντας
1260 2387 1305 2471 τῷ
1325 2391 1426 2469 κρεῶν
1439 2387 1527 2472 νόμῳ
1544 2389 1616 2469 jam
1640 2400 1717 2451 aute
1741 2385 1796 2454 ἀπ’
1811 2387 1969 2472 ἄνθρακας
1987 2388 2215 2453 eolloeandum

404 2504 485 2573 erat,
510 2495 545 2558 in
568 2493 658 2557 hune
680 2494 750 2558 lere
772 2492 920 2558 modum:
946 2495 1070 2569 ἔδοντας
1093 2529 1135 2541 ψ
1158 2494 1246 2577 νόμῳ
1268 2493 1306 2557 τό
1328 2492 1389 2574 μὲν
1409 2491 1465 2558 u'n'
1485 2492 1644 2578 ἄνθρακος
1665 2495 1780 2579 θερμά,
1802 2495 1841 2559 ταὶ
1857 2495 1891 2559 δὲ
1905 2496 1969 2559 κτλ.
2017 2493 2114 2574 Quod
2138 2516 2213 2559 oum

405 2622 425 2664 u
447 2612 547 2685 poeta
569 2622 637 2664 non
660 2600 705 2663 sit
727 2600 860 2679 faetum,
886 2599 1101 2683 Mnsgrarius
1124 2598 1233 2663 loenm
1255 2610 1344 2662 reete
1368 2599 1525 2664 restituit.

512 2707 564 2771 Ne
587 2706 653 2771 elio
676 2705 809 2789 quidem
833 2706 905 2769 loeo
928 2705 1118 2769 Wieszneri
1136 2704 1301 2787 judicium
1323 2706 1417 2787 sequi
1441 2728 1587 2789 possum.
1636 2706 1848 2770 Voeiferatur
1872 2704 2008 2771 Silenus

872 2835 904 2877 v.
930 2814 1004 2876 ³261.
1043 2813 1122 2895 ἐγός
1142 2817 1246 2887 κακαῖς
1267 2813 1324 2895 γὰρ
1346 2810 1460 2888 ἐξόλοι’
1481 2812 1527 2893 (h.
1553 2835 1580 2876 e.
1606 2814 1749 2894 ἐξόλοιο).

405 2921 612 3005 Interpretes
636 2930 798 3004 negantes
822 2920 878 3005 γάρ
902 2919 937 2982 in
961 2917 1258 2982 exelamationibus
1280 2918 1426 2982 inveniri
1449 2918 1507 2981 alii
1526 2918 1715 2983 inuiderunt
1731 2920 1767 2983 in
1786 2919 1869 2983 alias
1889 2922 2104 3003 eonjeeturas,
2129 2941 2214 3003 quas

402 3029 475 3093 reri
498 3025 664 3110 quandam
687 3026 831 3109 speeiem
849 3032 985 3109 praese
1004 3026 1091 3090 ferre
1110 3046 1208 3088 nemo
1228 3025 1293 3088 erit
1310 3025 1389 3107 quin
1409 3024 1553 3089 libenter
1571 3026 1725 3090 lineatur.
1765 3024 1833 3090 Sed
1851 3048 1926 3090 oiim
1946 3027 2034 3111 apud
2053 3027 2212 3110 Aeselryl.

401 3138 465 3219 Ag.
492 3134 567 3198 ³207.
597 3132 685 3216 quod
713 3133 856 3216 legimus
880 3122 916 3198 εὖ
935 3134 991 3217 γὰρ
1015 3131 1064 3220 εἴη
1091 3153 1111 3195 a
1139 3131 1232 3196 nullo
1260 3132 1295 3195 in
1324 3130 1462 3195 dubium
1491 3144 1637 3209 voeetnr,
1671 3131 1777 3196 nihilo
1805 3134 1912 3216 magis
1941 3142 1991 3197 est
2022 3153 2081 3197 eur
2108 3134 2213 3196 offen-

401 3240 499 3305 datur
522 3240 557 3303 in
581 3239 634 3303 liis
658 3237 849 3322 Euripideis
872 3237 994 3302 verbis.
1043 3238 1143 3303 Nullo
1167 3246 1280 3302 autem
1303 3250 1399 3321 paeto
1422 3240 1618 3302 accesserim
1645 3237 1686 3302 ed
1711 3239 1900 3304 Wieszneri
1924 3241 2123 3324 opinionem,
2155 3241 2214 3323 qui

406 3346 596 3431 Euripidem
621 3346 669 3410 sie
692 3345 865 3429 seripsisse
889 3344 1071 3409 oonteudit:
1098 3343 1158 3409 Sil.
1184 3346 1261 3428 ἐγός
1291 3348 1393 3419 κακῶς
1412 3345 1469 3427 γὰρ
1491 3342 1619 3422 ἐξόλαιό
1642 3384 1682 3392 -
1708 3344 1762 3409 Ul.
1787 3346 1817 3412 εἰ
1839 3347 2005 3433 ψεύδομαι.
2054 3344 2211 3425 ίὃὶΙαααα,

401 3455 520 3538 inquit,
551 3453 701 3517 dieturus
731 3462 795 3517 est:
833 3456 937 3526 κακαῖς
959 3453 1016 3537 γὰρ
1039 3450 1166 3529 asamar
1189 3452 1267 3535 ἐμόν
1288 3454 1384 3535 δέμας
1406 3474 1431 3516 s.
1456 3452 1524 3537 χεὶρ
1546 3452 1616 3538 ἐμή,
1649 3453 1707 3517 sed
1734 3452 1854 3517 Ulixes
1883 3454 1919 3517 in
1946 3452 2115 3516 hominem
2142 3462 2212 3516 tum

403 3560 596 3625 mendaeem
619 3559 838 3625 vehementer
860 3559 1086 3621 inflammatus
1111 3558 1222 3623 verbis
1252 3559 1323 3640 ejus
1353 3558 1544 3641 obloquitur
1571 3560 1608 3622 in
1636 3582 1672 3623 se
1701 3559 1958 3625 detestationem
1989 3559 2147 3635 referens,
2182 3559 2212 3622 si

401 3669 561 3732 mentitus
586 3666 649 3731 sit'
698 3664 834 3729 Ulixem
859 3662 966 3728 Sileni
989 3665 1094 3729 verba
1115 3673 1183 3728 tuni
1207 3664 1294 3729 niele
1318 3664 1525 3729 intellexisse
1549 3666 1623 3748 quis
1647 3678 1699 3730 est
1722 3668 1780 3750 qui
1802 3664 1935 3730 eredat?

507 3773 620 3836 Etiam
643 3772 679 3835 in
702 3794 733 3836 v.
760 3774 833 3835 265,
859 3771 931 3835 sine
955 3770 1024 3835 ullu
1047 3792 1147 3835 eausa
1169 3772 1235 3835 viri
1258 3771 1344 3835 doeti
1369 3772 1558 3836 haeserunt.
1606 3771 1698 3837 Dieit
1722 3772 1872 3837 Silenus:

820 3896 894 3960 162.
931 3897 977 3978 μδ
998 3898 1052 3961 τόν
1072 3899 1216 3962 Ποσειδῶ
1234 3898 1289 3961 τὸν
1309 3898 1439 3963 τεκόντα
1460 3888 1536 3977 σ’,ὧ
1555 3899 1707 3984 Κύκλωψ,

933 4005 978 4086 μᾶ
1000 4005 1054 4070 τόν
1073 4010 1173 4086 μέγαν
1195 4008 1338 4095 Τρίτανα
1357 4003 1411 4069 καὶ
1430 4007 1485 4069 τὸν
1506 4010 1626 4091 Νηρέα,

932 4112 977 4193 μὰ
999 4113 1057 4197 τὴν
1076 4112 1217 4196 Καλυψώ
1240 4113 1294 4186 τός
1315 4134 1349 4175 τε
1372 4116 1502 4197 Νηρέως
1523 4112 1616 4195 κόρας

933 4218 978 4299 μα’
1000 4216 1032 4281 e’
1054 4219 1105 4301 1ρά
1125 4215 1234 4299 κύματ’
1248 4216 1370 4298 ἰχθύων
1388 4240 1422 4280 τε
1444 4222 1510 4283 πᾶν
1528 4224 1623 4300 γένος.

507 4341 548 4405 Iu
573 4351 723 4405 extremo
747 4363 846 4404 uersu
870 4362 945 4404 euin
968 4339 1192 4417 Hennuunus,
1226 4342 1397 4404 affirmans
1426 4362 1461 4404 se
1485 4362 1593 4423 noque
1618 4340 1673 4423 qni
1696 4339 1743 4420 μα’
1764 4360 1799 4402 τε
1821 4338 1943 4403 dixerit
1966 4364 2074 4417 nosse,
2099 4364 2209 4424 neque

401 4451 454 4534 ἱρὰ
472 4451 595 4532 κύματα
618 4448 689 4511 sine
713 4447 852 4511 artieulo
876 4445 963 4510 dieta
992 4445 1135 4525 eredere,
1170 4469 1229 4531 pro
1259 4469 1298 4512 eo
1327 4446 1415 4530 qnod
1444 4458 1497 4511 est
1518 4448 1564 4529 μα’
1587 4444 1621 4511 θ’
1642 4444 1815 4529 ingeniose
1845 4447 2017 4531 scripserit
2039 4448 2076 4512 ui
2093 4444 2128 4510 δ’
2146 4447 2210 4530 ἱρά,

402 4556 611 4639 Hurtungius
635 4554 721 4618 hane
743 4556 968 4637 eonjeoturam
990 4554 1117 4637 reeepit
1139 4555 1173 4617 in
1198 4554 1376 4619 editionem
1401 4575 1506 4631 suam,
1540 4553 1757 4617 Wiesznerus
1786 4562 1898 4617 autem
1921 4574 2043 4619 novum
2066 4550 2206 4615 addidit:

402 4662 460 4727 sed
482 4662 567 4727 nihil
591 4670 643 4726 est
664 4660 869 4725 mutandum.
916 4659 1059 4724 Etiamsi
1084 4661 1174 4725 euim
1195 4663 1275 4744 μότο
1304 4661 1383 4725 alibi
1413 4684 1480 4726 non
1508 4661 1652 4725 iin'eniri
1680 4659 1899 4735 eoueedimus,
1934 4682 2014 4724 uum
2046 4657 2124 4742 quid
2157 4672 2211 4724 est

402 4790 520 4834 ‹eausae
550 4791 608 4833 enr
636 4766 808 4833 credamus
837 4776 953 4850 poetas
982 4767 1043 4832 hoe
1073 4767 1207 4832 omnino
1235 4790 1301 4832 non
1329 4770 1480 4853 potuisse
1509 4768 1639 4833 dieore?
1672 4789 1811 4852 eumque
1834 4768 1957 4849 ἰχθύων
1979 4790 2013 4833 τε
2035 4770 2101 4833 πᾶν
2121 4773 2210 4849 γένος

402 4884 513 4940 «meat
535 4874 683 4953 artienlo,
708 4873 824 4958 quidni
841 4873 996 4958 Euripidi
1020 4874 1119 4939 lieeat
1141 4870 1364 4939 nullo'addito
1388 4875 1528 4940 artieulo
1547 4875 1692 4940 seribere
1711 4877 1763 4961 ἱρὰ
1783 4876 1931 4959 κόματαδ
1963 4872 2103 4939 Aeeedit
2121 4872 2209 4957 quod

400 4984 447 5064 μό
468 4982 531 5046 hoo
553 4981 625 5046 loeo
649 4981 733 5046 bene
757 4990 876 5064 quater
897 5003 959 5065 per
981 4983 1191 5068 ἐπαναφαρόν
1211 4983 1376 5066 repetitur
1404 4992 1438 5047 et
1461 5005 1481 5047 a
1503 4992 1603 5067 poeta
1631 4982 1671 5046 de
1699 4982 1864 5046 industria
1886 4980 1980 5045 'l'rito
2010 4990 2044 5045 et
2066 4981 2208 5057 Nereus,

402 5088 549 5173 Calypso
573 5096 608 5153 et
630 5086 802 5165 Nereides,
827 5108 940 5152 suerso
963 5088 1072 5153 undae
1096 5098 1130 5153 et
1153 5098 1260 5153 totum
1283 5090 1425 5173 pisoinm
1448 5112 1554 5175 genus
1573 5091 1662 5153 inter
1680 5112 1716 5155 se
1735 5089 1842 5153 artius
1860 5090 2116 5173 eonjungimtur‚
2139 5109 2208 5152 nou

403 5197 487 5262 beno
516 5198 711 5278 eoujnneme
740 5194 901 5279 appellari
931 5204 1073 5279 possunt
1100 5194 1246 5280 Calypso
1276 5206 1310 5260 et
1337 5196 1499 5262 Nereides
1529 5206 1563 5262 et
1592 5216 1704 5262 sacrae
1734 5194 1841 5260 undae
1870 5204 1904 5259 et
1930 5195 2047 5279 pisees.
2095 5192 2208 5274 Quare
