4716 5778
1295 504 1605 564 *χχ-

540 681 674 746 chorus<
707 676 745 744 οδ
767 684 825 759 (sc.
845 677 913 767 ιήδ
932 672 1054 760 elnon·
1082 678 1176 765 οαδιή
1198 679 1286 760 λέγω.
1334 676 1391 743 Sic
1423 679 1534 742 omma
1566 676 1666 762 plana
1698 684 1785 741 sunt.
1839 676 1912 762 κήδε’
1933 680 1965 756 μ’
1988 673 2018 740 εί
2041 686 2176 739 autem
2215 676 2350 758 perso-fii

540 788 649 874 potuit
672 787 793 851 mutari
817 787 854 850 in
876 783 943 875 τῇδ’
964 786 1044 851 ἐπεί.

646 895 795 959 Tarusco
818 916 906 959 nunc
929 894 971 958 ad
994 895 1077 959 alias
1100 894 1241 958 fabulas.

645 1002 688 1065 In
709 1004 845 1070 Pboou.
868 1006 1030 1070 versibus
1059 1003 1273 1086 sle—sla„
1301 1020 1502 1084 quamquam
1523 996 1768 1073 Kirchhoffius,
1799 994 1887 1080 quod
1910 1017 1977 1060 non
2001 995 2069 1058 sint
2092 995 2244 1078 integri
2276 1013 2350 1087 ‘ml

540 1109 632 1173 missi
662 1130 723 1192 per
750 1108 862 1183 libros,
891 1108 1015 1172 frustra
1038 1130 1095 1173 cos
1120 1098 1317 1190 conjecturis
1341 1105 1500 1188 temptari
1516 1103 1655 1187 judicat,
1680 1116 1792 1168 mmen
1815 1101 1898 1166 duos
1922 1102 1958 1165 in
1979 1101 2169 1185 integrum
2196 1090 2350 1171 rossinol

540 1238 717 1299 possumus
747 1214 853 1298 ruljuti
881 1215 1025 1280 scholiis.
1074 1212 1172 1294 Quod
1195 1215 1389 1299 priusquam
1417 1210 1647 1294 suscipiamus,
1680 1207 1907 1294 praeponendi
1934 1216 2014 1272 sunt
2042 1229 2180 1272 versus
2219 1208 2324 1291 stmpl·

542 1325 604 1385 797
617 1361 658 1368 -
671 1324 761 1386 8005
1659 1366 1676 1382 .

1019 1410 1193 1476 ἀντίπαλον
1213 1412 1292 1474 κατὰ
1315 1411 1409 1474 λάϊνα
1431 1410 1536 1488 τείχεα
1557 1406 1664 1491 χαλκῷ
1685 1406 1849 1492 κοσμήσας.

1019 1509 1039 1604 ή
1061 1517 1149 1583 δεινό
1170 1541 1216 1593 τις
1231 1516 1313 1600 Ἔρις
1335 1517 1423 1595 θεός,
1444 1509 1466 1580 ἃ
1487 1514 1560 1578 τάδε

1016 1626 1136 1709 μήσατο
1159 1624 1288 1710 πήματα
1310 1628 1365 1705 γᾶς
1385 1622 1573 1707 βασιλεῦσιν,

1018 1733 1230 1816 Λαβδακίδαις
1252 1730 1477 1812 πολυμόχθοις.

541 1854 784 1938 Antisticphici
808 1866 887 1919 suut
910 1855 959 1918 hi:

1042 1962 1116 2026 816.
1154 1958 1193 2026 οδ
1213 1963 1270 2046 γὰρ
1293 1958 1311 2028 ὅ
1331 1961 1376 2048 μή
1397 1961 1495 2025 καλὸν
1516 1957 1623 2024 οὔποτ’
1644 1960 1706 2042 ἔφυ
1727 1957 1825 2022 καλόν

1152 2067 1222 2134 οὐδ’
1242 2072 1276 2134 οἱ
1294 2070 1338 2155 μή
1360 2068 1489 2150 νόμιμοι
1511 2068 1621 2140 παῖδες

1151 2174 1246 2257 ματρὶ
1267 2176 1417 2259 λόχευμα,
1437 2176 1560 2255 μίασμα
1583 2172 1717 2256 πατρός·

1155 2281 1174 2367 ἡ
1196 2283 1230 2346 δὲ
1253 2285 1439 2363 συναίμονος
1461 2278 1506 2355 εἰς
1527 2281 1618 2359 λέχος
1639 2270 1747 2365 ήλδεν.

648 2442 701 2505 Ad
725 2465 755 2506 v.
783 2445 856 2506 797.
881 2441 1018 2505 adnotat
1045 2439 1295 2505 Kirohhoffius:
1332 2440 1446 2503 ‘verba
1467 2440 1576 2524 χαλκῷ
1596 2440 1763 2525 κοσμήσας,
1795 2459 1879 2520 quae
1909 2436 2046 2500 suntin
2069 2435 2175 2500 libris
2202 2435 2329 2500 omnib.-

541 2550 619 2614 licet
642 2572 702 2613 nec
726 2570 807 2613 sana
826 2549 903 2625 sint,
928 2570 988 2612 uec
1008 2549 1042 2611 in
1062 2546 1271 2631 antistropha
1290 2556 1424 2611 exstent
1443 2566 1527 2629 quae
1547 2544 1779 2629 respondeant,
1804 2543 1891 2607 male
1910 2554 2024 2606 tamen
2042 2542 2191 2626 ejecisse
2213 2541 2332 2606 ridear!

541 2656 743 2721 recentiores
768 2657 999 2720 auctoritatem
1023 2654 1129 2719 secuti
1151 2654 1281 2718 metrici
1306 2651 1427 2743 coclicis
1451 2652 1631 2735 Kingiani;
1660 2652 1771 2734 potius
1795 2652 1831 2713 in
1854 2646 2063 2733 antistropha
2092 2649 2243 2713 lacunae
2271 2650 2324 2711 sir-

542 2762 696 2847 ponomla
719 2763 858 2845 curaii’„
901 2761 947 2825 Et
969 2768 1059 2825 recte
1083 2760 1227 2843 quidem,
1258 2782 1333 2824 cum
1364 2760 1564 2843 pracsertim
1591 2758 1631 2823 de
1660 2758 1782 2821 haere
1806 2757 1848 2821 ob
1872 2777 1945 2821 eam
1970 2777 2102 2819 causam
2122 2754 2306 2839 judicaris

542 2870 659 2954 possit,
690 2867 777 2951 quod
801 2881 898 2932 vetus
922 2867 1107 2950 explicator
1131 2866 1244 2931 eidem
1275 2888 1358 2949 quac
1389 2865 1488 2929 hodie
1518 2874 1598 2929 sunt
1627 2865 1662 2927 in
1690 2862 1857 2928 codicibus
1887 2884 1962 2927 cum
1990 2863 2025 2925 in
2055 2863 2202 2946 stropha
2232 2872 2293 2924 tum
2314 2878 2326 2915 :1

543 2976 754 3059 antistropha
776 2984 854 3038 ante
884 2974 996 3038 oculos
1029 2974 1187 3038 babuisse
1220 2972 1462 3037 existimandus
1496 2982 1556 3035 est.
1605 2968 1670 3050 Qui
1703 2992 1778 3034 cum
1810 2968 2061 3052 interpretando
2093 2990 2208 3053 paene
2241 2964 2322 3027 rcth-

545 3105 630 3166 quac
654 3084 775 3166 scripta
800 3088 888 3157 sunt,
913 3081 996 3164 ipsis
1016 3088 1130 3144 utatur
1150 3082 1314 3166 ’κοσμήσας
1327 3080 1424 3164 χορὸν
1437 3078 1476 3145 οδ
1490 3080 1701 3164 δυρσυφόρον,
1722 3072 1790 3143 ἀλλ’
1804 3075 2073 3161 ἀσπιδοφέρμονα,
2088 3075 2129 3143 οδ
2144 3072 2325 3147 συνδασυίή

543 3188 598 3256 καὶ
619 3191 780 3271 σι’χκωμου
802 3190 907 3271 χορόν,
929 3187 996 3253 ἀλλ’
1017 3186 1200 3266 ἀντίπαλον,
1223 3185 1261 3251 οὐ
1279 3192 1377 3271 κισσῷ
1396 3188 1562 3272 κοσμήσας,
1584 3184 1664 3251 ἀλλὰ
1685 3182 1805 3269 χαλκή’
1824 3182 1943 3266 (adaia
1969 3183 1999 3248 εἰ
2014 3170 2098 3270 δ’ήν
2121 3183 2181 3250 ἐπὶ
2202 3181 2319 3248 Aenios

544 3294 639 3374 οὕτως
654 3294 694 3363 ἄν
708 3301 779 3384 ἔφη,
795 3297 996 3380 δυρσοφόρον
1010 3299 1134 3374 θίασον,
1150 3296 1320 3377 σύγκωμον,
1335 3295 1414 3358 κατὰ
1429 3294 1573 3377 σύμφυτα
1589 3291 1646 3380 ὄρη
1661 3298 1758 3376 κισσῷ
1771 3292 1928 3377 κοσμήσας
1942 3292 2036 3371 κτλ.);
2058 3311 2119 3354 cur
2132 3289 2319 3353 Hermona-

544 3404 765 3489 Hartuugius‚
799 3401 994 3466 Dindorfius
1017 3411 1138 3485 putent-
1165 3422 1242 3464 eum
1271 3421 1339 3463 nou
1361 3423 1392 3464 ν.
1419 3402 1493 3464 797.
1519 3399 1743 3482 interpretari,
1778 3395 1836 3462 scd
1865 3396 1977 3480 aliqua
2003 3395 2106 3460 verba
2137 3418 2200 3480 pro
2221 3394 2325 3473 Ἄρχονέ

545 3513 736 3586 ἐπιπνεύσας
765 3511 871 3595 (ῖ94.)
901 3508 997 3584 lecta,
1031 3529 1092 3591 ego
1122 3506 1255 3590 quidem
1284 3506 1480 3589 intellegere
1509 3528 1648 3588 nequeo.
1695 3505 1772 3569 Non
1801 3504 1905 3587 igitur
1933 3503 2134 3568 scholiastae
2164 3503 2199 3566 in
2226 3522 2253 3562 r.
2276 3493 2316 3555 fa'

547 3618 613 3682 alia
636 3618 722 3681 locta
746 3626 886 3681 santae
909 3615 1015 3680 nobis.
1062 3612 1255 3696 Eademque
1280 3635 1333 3676 res
1358 3623 1410 3677 cst
1432 3613 1469 3675 iu
1491 3635 1522 3676 v.
1548 3614 1622 3677 816.
1649 3620 1683 3675 et
1707 3614 1792 3688 817„
1817 3611 1853 3675 iu
1876 3632 1940 3693 quo
1964 3609 2212 3685 Kirchhoffius
2238 3623 2296 3667 cun
2313 3620 2321 3653 -’

546 3734 654 3789 metro
678 3722 769 3787 aliud
793 3722 981 3807 postuletur
1003 3720 1212 3797 vocabulum,
1232 3721 1352 3784 merito
1372 3719 1455 3783 illud
1474 3718 1665 3783 indubium
1684 3728 1790 3796 i'ocat,
1815 3738 1896 3781 num
1915 3716 2064 3781 clausula
2083 3738 2202 3780 versus
2216 3707 2319 3795 (naias

547 3831 694 3918 genuina
712 3831 765 3894 sit.
813 3827 866 3894 Ob
886 3827 1025 3893 eamdem
1044 3833 1156 3892 autem
1181 3849 1325 3905 causmn,
1350 3828 1507 3910 quoniam
1525 3836 1663 3909 propter
1681 3825 1835 3888 lacunam
1854 3824 1988 3887 omnino
2007 3823 2092 3886 nihil
2110 3822 2195 3887 certi
2212 3812 2320 3883 iureis.

546 3948 669 4023 potest,
702 3937 884 4020 penninmi
913 3935 996 3999 mihi
1024 3933 1166 4011 ridetur,
1200 3933 1289 4016 quod
1317 3934 1405 3997 idem
1435 3934 1490 3998 hic
1518 3934 1572 3996 vir
1599 3931 1810 3996 doctissimus
1840 3930 1962 4012 aliique
1992 3928 2188 4013 Musgraiio
2216 3934 2311 3986 succa

547 4044 683 4126 νόμιμον
714 4041 943 4126 reponendum
975 4050 1121 4106 censent.
1177 4039 1295 4123 Neque
1327 4041 1434 4124 magis
1467 4038 1719 4116 Kirchhoffius,
1758 4037 1852 4101 nisus
1885 4035 2083 4100 scholiastae
2116 4036 2217 4099 altera
2243 4027 2316 4089 intur·

547 4150 735 4233 pretatione
762 4150 886 4225 οἵτινες
912 4151 1021 4224 παῖδές
1047 4149 1108 4214 είσι
1134 4152 1174 4235 τῇ
1192 4146 1286 4234 μητρὶ
1311 4148 1460 4230 λόχευμα,
1488 4150 1611 4230 μίασμα
1639 4146 1674 4211 δὲ
1694 4149 1750 4211 τοῦ
1775 4142 1911 4227 πατρός,
1943 4164 2027 4225 quae
2060 4150 2099 4207 ut
2132 4162 2190 4224 ego
2218 4128 2313 4217 quicar·

548 4257 692 4320 arbitror
714 4256 800 4318 nihil
823 4253 1052 4319 videturesse
1075 4254 1142 4317 nisi
1171 4253 1349 4337 explicatio
1378 4253 1557 4317 verborum
1579 4250 1675 4335 ματρὶ
1696 4251 1845 4332 λόχευμα,
1876 4248 1939 4314 hoc
1967 4248 2040 4314 loco
2070 4248 2207 4313 fortasse
2228 4230 2280 4303 οἶδ’
2294 4250 2312 4283 a

549 4362 761 4428 scribendum
791 4384 864 4425 esse
893 4361 976 4424 mihi
1005 4360 1205 4445 persuadere
1229 4368 1350 4443 potest.
1397 4358 1518 4424 Potius
1541 4378 1713 4441 nunquam
1735 4355 1818 4419 baec
1840 4355 1943 4421 verba
1966 4364 2092 4420 certam
2112 4348 2252 4419 medum
2270 4330 2311 4396 δή·

549 4470 693 4533 mittent..
736 4466 886 4532 Certiora
910 4478 1023 4532 autem
1045 4469 1173 4532 ratione
1196 4490 1315 4533 versus
1340 4468 1388 4531 illi
1412 4466 1477 4531 duo
1501 4466 1559 4550 qui
1582 4474 1768 4549 sequimtur
1791 4463 1912 4547 corrigi
1934 4471 2084 4547 possunt
2127 4460 2169 4526 In
2188 4442 2306 4522 eodlllll'*

551 4576 640 4639 einim
663 4586 715 4639 est
739 4575 756 4662 ἡ
778 4576 813 4640 δὲ
835 4578 1020 4657 συναίμονος
1041 4575 1086 4650 εἰς
1107 4576 1198 4657 λόχος
1218 4565 1329 4662 qaas,
1360 4596 1422 4658 pro
1445 4595 1510 4656 quo
1533 4571 1735 4649 Brunckius‚
1769 4578 1897 4635 mutato
1925 4570 1961 4632 in
1990 4567 2129 4652 stropha
2150 4551 2307 4659 Aspim&

550 4682 587 4745 in
604 4684 859 4764 Λαβδακίδαισιν,
882 4682 1017 4764 scripsit
1039 4681 1126 4765 quod
1149 4682 1351 4747 recentiores
1375 4688 1575 4765 receperunt
1597 4678 1617 4766 ή
1639 4680 1673 4744 δὲ
1695 4680 1847 4760 σόναιμον
1867 4678 1957 4757 λέχος
1978 4666 2098 4763 ήλθενς
2125 4656 2299 4738 Rirclihullis

551 4802 663 4851 utitem
687 4810 729 4851 ex
753 4788 950 4853 scholiastae
974 4789 1272 4872 interpretamento
1290 4785 1310 4874 ή
1327 4811 1396 4853 non
1418 4775 1580 4871 scriptum
1602 4786 1706 4849 fuisse
1725 4786 1761 4848 in
1780 4783 1961 4868 archotppo
1980 4802 2123 4864 einnque
2142 4778 2192 4863 qui
2207 4769 2300 4833 „lirun

551 4893 701 4959 scholion
730 4893 856 4958 addidit
883 4917 944 4978 pro
972 4885 1073 4982 ήλδεν
1100 4894 1223 4979 legisse
1246 4884 1348 4980 ήλθυυ
1375 4906 1464 4958 recte
1493 4893 1664 4958 conclusit.
1712 4889 1781 4956 Sed
1814 4890 1902 4974 quod
1932 4888 2022 4953 idem
2054 4886 2185 4970 stropha
2208 4864 2296 4960 pilulasl

551 5001 726 5065 inunutata
750 5001 993 5085 antistropham
1016 5002 1135 5085 refingi
1162 5002 1239 5065 vult
1261 5001 1324 5065 hoc
1350 5000 1462 5065 modo:
1495 4999 1592 5084 ματρὶ
1611 5000 1760 5081 λόχευμα,
1781 5000 1913 5081 μίασμα,
1936 4997 2054 5078 πατρὸς
2075 4996 2110 5059 δὲ
2132 5014 2183 5059 συν
2196 4988 2201 5067 l
2215 4981 2296 5055 apos

553 5107 599 5183 εἰς
618 5110 708 5189 λέχος
730 5100 848 5194 ήλδονε
870 5108 990 5172 molius
1015 5118 1049 5174 et
1072 5109 1195 5173 rectius
1219 5107 1301 5172 haec
1325 5106 1427 5172 verba
1446 5106 1603 5191 strophae
1623 5103 1912 5169 accommodantur
1930 5102 2101 5185 multoque
2121 5095 2213 5183 aptior
2226 5068 2291 5146 pall

553 5216 729 5285 sententia.
754 5216 784 5279 si
807 5215 996 5281 scribimus:
