4716 5778
1165 420 1353 478 .-θῇ

342 592 478 669 dixisse,
503 604 657 677 praetera
676 604 789 656 autem
811 591 960 657 τύθύνειν
977 613 1142 674 nusquam
1161 591 1314 655 absolute
1332 592 1479 675 positum
1498 593 1551 668 sit,
1577 590 1731 673 equidem
1750 588 1914 674 Scaligeri
1932 593 2199 675 conjecturam

344 701 439 764 amice
468 721 583 791 veram
612 698 795 783 putandam
824 720 897 763 esso
926 721 987 782 pro
1017 706 1107 763 certo
1136 710 1236 783 atque
1264 697 1437 782 explorato
1467 696 1612 779 habam).
1659 695 1800 762 Profero
1833 695 1960 780 aliquot
2005 698 2195 783 exempla

343 808 463 889 quibus
487 807 541 871 hic
564 828 664 891 quern
686 806 758 869 dixi
780 803 929 871 εύθύνειν
952 804 1047 869 verbi
1069 827 1151 870 nsus
1175 805 1310 889 egregie
1333 804 1535 868 illustratur:
1561 801 1656 867 Iliad.
1677 802 1824 880 XXIII,
1850 804 1924 867 317.
1976 807 2197 895 κυβερνῇπρ

342 913 391 979 ἐνὶ
411 913 519 979 οἴνοπι
541 915 647 998 πόντῳ
669 918 729 1001 νῆα
751 916 835 1000 θοὴν
857 912 973 992 ἰθύνει,
996 910 1118 995 Odyss.
1143 911 1206 989 IX,
1232 913 1284 975 78.
1330 912 1385 987 τὰς
1407 916 1507 997 (νῆας)
1531 910 1562 976 δ’
1583 909 1698 993 ἄνεμός
1726 933 1760 975 τε
1782 913 1974 998 κυβερνῆταί
2000 910 2036 975 τ’
2061 911 2197 987 ἴθυνον,

343 1018 406 1095 XI,
442 1022 491 1084 10.
538 1023 596 1106 τὴν
615 1019 648 1086 δ’
669 1019 784 1101 ἄνεμός
812 1044 847 1085 τε
868 1019 1054 1107 κυβερνήτης
1075 1017 1101 1083 τ’
1122 1018 1235 1084 ἴθυνεν
1263 1028 1298 1081 ct
1320 1017 1362 1091 V,
1395 1017 1468 1081 270.
1521 1014 1618 1101 αὐτὰρ
1641 1017 1658 1083 ὁ
1680 1018 1823 1104 πηδαλίῳ
1853 1017 1991 1083 ἰθύνετο
2032 1040 2087 1085 se.
2126 1025 2196 1108 νῆα,

343 1126 458 1210 Eurip.
484 1126 604 1190 Helen.
633 1128 727 1190 1611.
775 1125 825 1192 ἐπ’
845 1126 963 1191 οἰάκων
992 1125 1027 1191 a
1055 1127 1112 1210 βάς
1133 1125 1219 1203 ἄναξ
1240 1127 1272 1202 ἐς
1289 1123 1414 1191 Ἑλλάδ’
1435 1121 1527 1192 εἶπεν
1546 1124 1695 1190 εὐθύνειν
1718 1125 1802 1209 δόρυ,
1825 1123 1954 1189 Heoub.
1988 1127 2058 1191 39.
2116 1128 2197 1209 πρὸς

342 1227 431 1297 οἷκον
452 1231 644 1309 εύθύνοντας
666 1235 794 1298 ἐναλίαν
814 1234 947 1319 πλάτην,
970 1231 1224 1317 Ηίρμολλλλῖ.
1267 1235 1348 1313 ἔχων
1366 1232 1476 1309 οἴακας
1490 1231 1599 1299 ἰθύνοι
1614 1233 1739 1317 δρόμον,
1762 1230 1920 1313 Aeschyl.
1942 1228 2091 1317 Suppl.
2119 1234 2192 1297 711.

341 1340 448 1416 οἴακος
463 1340 628 1426 ἰθυντῆρος
642 1338 773 1406 ὑστάτου
789 1341 875 1417 νεώς,
898 1338 989 1403 Pers.
1012 1341 1087 1403 411.
1130 1335 1181 1402 ἐπ’
1195 1338 1293 1426 ἄλλον
1311 1333 1415 1421 ’(ναύν)
1431 1338 1523 1413 ἄλλος
1538 1337 1677 1425 ηὔθυνεν
1692 1339 1776 1422 δόρυ,
1796 1359 1862 1420 qno
1881 1336 1954 1402 loco
1979 1341 2078 1427 δόρυ
2099 1356 2194 1403 recte

342 1446 553 1529 interpretati
573 1454 652 1511 sunt
668 1447 822 1525 ‘navem’3
843 1445 932 1530 apud
945 1445 1153 1529 Hesp'chium
1173 1445 1360 1528 explicatur
1378 1445 1568 1533 nepldrpc‘d
1584 1445 1705 1511 ἰθύνων
1718 1449 1757 1511 τὰ
1771 1444 1887 1511 πλοῖαῖ
1920 1443 1976 1509 De
2002 1447 2192 1530 guberna·

342 1552 416 1617 culo
435 1552 608 1617 tractando
627 1552 747 1616 Graeci
766 1555 893 1634 νωμτῖω,
912 1558 1008 1635 νέμω,
1029 1551 1152 1615 similia
1174 1552 1484 1634 frequentaverunt,
1514 1562 1552 1615 ut
1573 1549 1695 1635 Odyss.
1716 1551 1797 1629 XII,
1819 1553 1893 1617 218.
1936 1552 2043 1639 οἰήια
2067 1557 2190 1641 νωμᾷς,

342 1658 500 1742 Aeschyl.
526 1658 619 1743 Sept.
646 1660 675 1723 3.
722 1659 816 1724 οἴακα
837 1662 961 1741 νωμῶν,
984 1660 1104 1741 Agant.
1131 1661 1204 1722 776.
1252 1659 1345 1724 οἴακα
1367 1664 1481 1741 νέμων,
1503 1657 1620 1741 Eurip.
1646 1658 1766 1723 Helen.
1795 1661 1889 1722 1591.
1937 1661 1979 1724 σύ
2007 1662 2051 1727 δὲ
2077 1658 2188 1745 στρέφ’

342 1766 446 1843 οἴακα,
468 1765 556 1830 Med.
583 1768 656 1830 523,
704 1766 940 1851 οἰακοστρόφος.
985 1765 1091 1829 Plura
1114 1764 1214 1847 hujus
1238 1767 1371 1849 generis
1396 1786 1575 1847 congerere
1599 1764 1697 1829 credo
1719 1787 1773 1829 me
1798 1766 2033 1850 supersedere
2069 1788 2183 1852 posse.

341 1871 415 1936 Hoc
439 1872 571 1955 quidem
584 1873 749 1951 ¹omnibus
772 1872 989 1936 manit'estmn
1012 1873 1085 1947 erit,
1110 1871 1253 1960 οἴμονῆρες
1272 1874 1347 1955 δόρυ
1366 1872 1504 1936 ‘navem’
1527 1872 1724 1955 significare,
1748 1872 1854 1956 λαβών
1870 1873 1979 1957 igitur
2008 1874 2084 1939 hoc
2113 1874 2184 1937 loco

342 1979 422 2043 ferri
446 2002 514 2043 non
536 2002 645 2062 posse.

449 2085 490 2148 In
514 2087 621 2169 primo
646 2087 783 2161 carrtico,
809 2084 849 2149 de
874 2108 939 2168 quo
963 2085 1170 2149 ernendaudo
1194 2085 1293 2149 etad
1317 2084 1467 2149 ordinem
1489 2084 1672 2168 redigendo
1702 2085 1809 2149 critici
1833 2085 2074 2151 benemeriti
2101 2096 2180 2151 sunt

342 2214 451 2275 neque
474 2200 588 2256 tamen
612 2193 722 2255 omnia
746 2193 828 2255 satis
852 2192 1010 2275 expedire
1043 2202 1235 2275 potuerunt,
1265 2191 1330 2256 duo
1360 2192 1538 2275 praecipue
1568 2213 1685 2255 versus
1715 2192 1901 2256 accuratius
1931 2191 2177 2276 pertractandi

340 2297 507 2362 videntur.
555 2299 606 2361 Ac
638 2299 784 2381 primum
813 2298 947 2383 quidem
975 2294 1044 2363 non
1072 2298 1162 2362 idem
1185 2297 1339 2383 judicant
1367 2298 1432 2361 viri
1462 2297 1548 2362 docti
1578 2297 1618 2361 de
1643 2320 1673 2361 v.
1700 2301 1763 2373 47,
1788 2299 1824 2361 in
1848 2321 1912 2381 quo
1937 2297 2177 2365 Gasanbonus

342 2405 514 2487 vulgatam
547 2428 614 2469 non
646 2427 719 2470 esse
753 2427 869 2470 sanam
902 2405 1108 2488 perspiciens
1140 2404 1298 2469 tacillima
1331 2414 1365 2468 et
1396 2405 1485 2469 felici
1519 2403 1750 2471 emendatione
1783 2398 1844 2488 pro
1877 2401 1915 2471 ού
1937 2407 2103 2471 restituit
2128 2387 2173 2471 ού

344 2510 504 2595 Legimus

823 2623 852 2665 ν.
879 2602 931 2664 44.
970 2598 1008 2665 ού
1028 2600 1096 2688 τᾷδ’
1117 2600 1275 2687 ύπήνεμυς
1297 2600 1399 2684 αὔρα·

969 2709 1075 2774 δινᾶὲν
1096 2706 1133 2773 θ’
1152 2704 1233 2793 ttae
1255 2712 1408 2790 ποταμοῖν

970 2816 1005 2879 ἐν
1025 2817 1170 2900 πίοιραις
1191 2823 1293 2879 κεῖται
1315 2816 1413 2889 πέλας
1434 2812 1487 2878 ἄν·

968 2945 1049 3005 τρων
1071 2907 1108 2987 ori
1130 2942 1180 2987 σοι
1200 2919 1315 3005 βλαχαὶ
1336 2927 1468 3000 τεκέων,

450 3025 536 3090 Mire
570 3026 780 3110 Hartungius
814 3034 846 3089 et
879 3025 1106 3104 Wieszuerus,
1146 3025 1383 3092 contendentes
1416 3027 1520 3091 totius
1553 3026 1617 3089 loci
1649 3028 1852 3091 sententiam
1882 3048 1922 3091 ac
1955 3038 2169 3092 structuram

344 3134 505 3217 refmgari
537 3132 650 3197 verbis
673 3116 711 3198 ού
733 3154 792 3209 σοι,
824 3133 1001 3215 pristinam
1033 3133 1233 3216 scripturam
1267 3133 1303 3196 in
1335 3132 1448 3197 sedem
1481 3154 1576 3197 suain
1608 3132 1828 3197 reducendam
1862 3134 2165 3199 existimaverunt:

344 3262 485 3324 quornm
514 3240 663 3323 opinioni
692 3238 846 3321 equidem
873 3262 940 3303 non
969 3240 1174 3304 accesserim.
1222 3239 1338 3321 Neque
1369 3240 1459 3303 enim
1488 3240 1606 3317 solnm,
1636 3249 1735 3323 poeta
1764 3262 1845 3304 num
1874 3240 1961 3305 siout
1993 3254 2096 3306 antea
2118 3237 2166 3320 πᾷ

344 3351 389 3427 (v.
410 3348 470 3411 41.·
485 3358 519 3411 et
537 3349 606 3427 43.)
626 3345 743 3411 codem
765 3345 863 3411 modo
887 3346 940 3410 hic
959 3342 998 3412 ού
1015 3347 1198 3430 repetierit,
1223 3346 1442 3411 vehementer
1460 3345 1680 3410 dubitandum
1699 3356 1759 3421 est,
1785 3346 1872 3430 quod
1892 3347 1940 3412 sie
1960 3343 2160 3431 praesertim

344 3453 412 3519 alio
438 3454 611 3519 enuntiato
639 3454 814 3536 interjecto
843 3450 881 3518 ού
907 3454 991 3540 τᾷδε,
1020 3476 1087 3518 uon
1114 3450 1152 3520 ού
1180 3451 1370 3516 iterandum
1397 3462 1485 3531 erat;
1524 3452 1583 3517 sed
1616 3454 1718 3517 etiam
1750 3453 1792 3517 ad
1824 3453 1929 3518 verba
1961 3467 2162 3539 praegressa

343 3562 442 3637 πέλας
463 3558 586 3645 ἄντρων·
608 3561 780 3642 aptissime
805 3558 880 3623 addi
904 3545 941 3625 ori
959 3580 1009 3625 σοι
1030 3560 1144 3645 βλαχαὶ
1165 3566 1281 3625 τεκέων
1302 3581 1400 3623 nomo
1430 3568 1482 3624 est
1510 3560 1569 3643 qui
1597 3582 1663 3625 non
1691 3559 1876 3644 intellegat.
1925 3558 2020 3640 Quin
2050 3557 2158 3623 etiam,

344 3676 383 3732 nt
405 3668 439 3730 in
463 3668 570 3750 primo
593 3689 696 3731 versu
718 3678 856 3750 propter
878 3664 960 3753 τᾷδ’.
972 3688 1157 3749 pronomen
1179 3688 1247 3730 non
1272 3666 1449 3749 opusstuit
1477 3664 1606 3731 adicere
1630 3665 1724 3745 ἐστίν,
1754 3667 1802 3731 sic
1829 3668 1865 3730 in
1894 3676 2056 3741 extremo,
2086 3679 2159 3725 eum

343 3771 425 3858 ὕδωρ
446 3782 547 3839 κεῖται
567 3774 602 3839 ἐν
624 3776 767 3857 πίατραις
789 3772 976 3855 praecedat,
1001 3781 1089 3837 certe
1113 3794 1255 3857 magnae
1280 3780 1370 3837 esset
1393 3773 1579 3849 offensioni,
1611 3773 1641 3836 si
1663 3782 1763 3856 poeta
1791 3782 1868 3858 post
1891 3772 1929 3840 ού
1950 3794 2002 3840 σοι
2029 3767 2158 3836 nullum

344 3890 482 3964 poneret
505 3879 648 3943 verbum
671 3880 814 3943 finitum.
862 3878 933 3967 τᾷδ’
956 3887 1077 3957 autem,
1108 3880 1206 3963 signo
1235 3880 1507 3963 interrogationis
1535 3888 1612 3963 post
1640 3886 1757 3945 τεκέων
1786 3880 1927 3957 sublato,
1958 3892 1997 3945 ut
2027 3874 2155 3961 quidm

344 3986 490 4052 editores
513 3985 701 4063 uoluerunt,
728 3984 770 4049 ad
792 3987 964 4062 σκοπέλους
986 3994 1086 4050 antea
1109 3996 1383 4051 commemoratos
1406 3985 1532 4051 referre
1556 4008 1596 4051 eo
1620 3986 1845 4069 prohibemur,
1876 3987 1965 4071 quod
1988 3987 2035 4052 sio
2053 3982 2155 4046 διιαὲν

344 4089 552 4180 ,θ’-ἄντρων
574 4091 801 4176 superioribus
824 4092 937 4157 verbis
960 4114 1080 4177 parum
1104 4092 1273 4158 commode
1298 4093 1536 4177 adjungeretur
1558 4100 1694 4175 totaque
1713 4093 1796 4158 haec
1814 4095 1918 4159 verba
1937 4093 2035 4169 chori,
2060 4104 2151 4171 οεοῦ·

345 4201 463 4264 sertim
485 4198 704 4273 cthtantis,
728 4200 850 4264 misere
874 4199 1083 4284 languerent.
1130 4198 1225 4280 Quae
1255 4222 1331 4266 oum
1359 4200 1408 4263 ita
1437 4201 1514 4277 sint,
1547 4199 1633 4264 nihil
1662 4200 1783 4265 melius
1813 4209 1847 4265 et
1875 4203 1989 4266 verius
2018 4208 2067 4261 est
2094 4187 2148 4252 illss

346 4306 520 4371 lenissima
547 4307 732 4370 mutatione
762 4304 962 4381 casauboni,
996 4306 1269 4391 distinguendum
1297 4314 1409 4371 autem
1443 4314 1605 4371 commate
1634 4313 1712 4391 post
1740 4314 1849 4383 κεῖται,
1889 4309 1936 4373 ita
1965 4298 2145 4377 etreliqua

346 4413 450 4477 verba
479 4434 545 4477 uuo
574 4424 690 4477 tenore
720 4412 884 4495 legantur.
910 4451 952 4460 -
976 4411 1029 4478 De
1058 4413 1169 4478 media
1197 4422 1231 4478 et
1260 4424 1411 4478 extrema
1440 4413 1595 4479 carminis
1624 4422 1719 4497 parte
1744 4415 1893 4479 omnimo
1916 4415 2038 4500 primus
2061 4412 2144 4468 ιννῐθ

338 4518 505 4603 judicavit
526 4517 767 4597 Kirehhoffius,
792 4542 847 4584 vv.
872 4522 1025 4585 49-54.
1051 4543 1118 4586 non
1147 4543 1246 4604 posse
1277 4518 1479 4605 respondere
1507 4520 1661 4585 versibus
1692 4521 1856 4595 (ta-68,
1888 4520 1945 4587 sed
1973 4516 2076 4604 potius
2103 4505 2143 4569 sslt

346 4648 448 4690 versu
481 4628 533 4691 63.
566 4626 714 4711 incipere
747 4625 891 4711 opodnm
924 4627 1008 4692 beno
1041 4627 1252 4713 intellegens.
1298 4626 1441 4691 Frustra
1473 4627 1563 4691 enim
1594 4626 1684 4691 hand
1715 4627 1916 4694 mediocrem
1949 4626 2140 4706 voluptatem

347 4733 458 4796 animo
482 4734 570 4816 cepit
592 4732 813 4818 Hartungius,
838 4732 926 4817 quod
949 4734 1022 4818 ipse
1045 4735 1221 4818 permultis
1241 4735 1455 4817 transpositis
1474 4742 1509 4798 et
1526 4734 1664 4798 mutatis
1683 4734 1803 4800 melius
1824 4757 1925 4819 qnam
1935 4735 2136 4799 Hermmmlls

346 4838 561 4922 strophnrmn
588 4841 754 4906 rationem
782 4848 897 4923 posset
928 4825 1122 4906 restituere:
1160 4843 1197 4906 in
1229 4841 1368 4907 candem
1401 4840 1646 4924 antistropham
1674 4842 1829 4925 copulare
1860 4854 1894 4908 et
1923 4842 1997 4907 illos
2022 4845 2135 4899 reram.

2272 3323 2274 3412 l

2272 3507 2274 3606 l

347 4946 468 5031 qmbus
489 4944 609 5011 chorus
627 4968 748 5032 greges
769 4958 805 5011 ut
824 4947 961 5030 propius
980 4947 1140 5013 accedant
1158 4947 1199 5012 ad
1218 4958 1351 5013 antrum
1370 4947 1523 5031 impellit,
1545 4955 1579 5012 et
1597 4947 1737 5013 totidem
1752 4949 1834 5015 alios
1850 4948 1971 5033 quihus
1989 4937 2134 5012 nemnem
2265 4958 2275 5089 p

456 5143 474 5209 ¹)
494 5142 576 5194 Etiam
595 5142 709 5209 Supplic.
731 5140 807 5197 1132.
835 5144 941 5211 (ἔρημον
961 5132 1032 5193 οἰκον
1050 5141 1241 5213 ὀρφαυιῖοομαν
1258 5141 1356 5207 λαβών)
1381 5145 1554 5211 reponendum
1579 5154 1618 5195 est
1641 5144 1709 5211 qnod
1735 5145 1853 5212 proponit
1870 5140 2038 5197 Kirchhotlim
2054 5120 2128 5187 lssl'i'·
