4716 5778
1275 418 1586 478 -22-

521 592 665 655 arbitrer
692 612 791 673 quum
820 589 902 653 illud
926 590 1014 673 quod
1038 590 1271 657 Kirehhoffius
1301 592 1479 677 legendum
1508 604 1623 658 censet
1644 591 1735 659 πάντ’
1757 594 1912 675 (fortasse
1935 596 2001 659 πᾶν
2027 593 2241 677 probabilius
2266 614 2313 658 esu

521 698 719 785 εὐτρέπισται
739 695 858 764 κούδὲν.
906 694 974 761 Sed
997 720 1040 761 ne
1063 697 1126 763 hoc
1149 697 1283 782 quidem
1307 699 1530 765 commendari
1552 713 1673 784 potest.
1719 700 1808 764 Nem
1829 701 1859 764 si
1882 714 1971 764 recte
1995 722 2032 765 se
2060 700 2217 775 haberet,
2247 724 2312 765 nun

522 816 674 871 oreretur
695 802 874 867 difficultas
898 804 933 867 iu
957 803 1043 869 ἄλλο.
1091 803 1165 888 Ego
1193 806 1229 868 in
1258 805 1395 889 inlgata
1424 806 1701 890 acquiescendum
1728 816 1820 891 puto,
1854 828 1930 871 cnm
1959 808 2079 884 omnia,
2112 805 2218 872 modo
2244 828 2306 872 reus

522 912 740 996 explicentur,
779 934 845 974 una
877 910 990 975 littera
1025 922 1153 975 mutata
1190 934 1272 976 sana
1307 912 1494 978 rideantur.
1545 914 1624 979 Jam
1656 913 1866 997 Hartungius
1898 926 2059 997 punctum
2094 924 2178 997 post
2214 920 2311 976 maru

522 1018 698 1084 delendtmi
732 1032 765 1081 et
798 1025 1061 1103 πορεντρὲπισται
1090 1041 1165 1082 cum
1194 1021 1401 1104 praegressis
1430 1020 1670 1085 conectendum
1697 1042 1771 1085 esse
1801 1020 1984 1101 intellexit,
2018 1019 2175 1085 scribens
2202 1024 2312 1089 κοπνίι.

520 1131 784 1213 παρευτρὲπισται
806 1124 847 1203 δ’,
868 1124 960 1191 οὐδὲν
981 1128 1067 1205 κτλ.,·
1090 1124 1148 1189 sed
1171 1128 1283 1191 neseio
1307 1148 1350 1190 an
1372 1127 1479 1191 satius
1502 1129 1546 1191 sit
1570 1129 1617 1192 ita
1639 1139 1783 1192 mutare:

1080 1245 1175 1320 Mor
1194 1243 1224 1309 δ’
1245 1248 1367 1310 ἔσωθεν
1389 1244 1506 1311 adhoc
1526 1243 1610 1309 ὠθεῖ
1627 1246 1751 1310 καπνόν

1080 1355 1346 1434 παρεντρὲπιστοί
1363 1350 1399 1430 τ’,
1420 1349 1512 1416 οὐδὲν
1532 1350 1608 1416 ἄλλο
1627 1352 1694 1416 κοί..

522 1466 615 1530 Beue
644 1465 722 1528 t'ecit
750 1464 961 1549 Hartungius
991 1464 1078 1548 quod
1106 1476 1183 1530 ante
1207 1462 1299 1531 οὐδέν
1321 1474 1483 1530 commate
1512 1465 1613 1531 ineidi
1630 1465 1743 1548 jubet;
1777 1462 1837 1529 sed
1859 1462 1947 1547 quod
1970 1463 2058 1528 idem
2080 1460 2178 1528 οὐδὲν
2198 1461 2270 1527 tillo
2287 1482 2310 1522 ο

523 1574 748 1636 accusativum
773 1594 847 1635 cum
870 1575 992 1655 ποροῦν
1014 1572 1275 1637 commendem
1297 1595 1371 1638 esse
1396 1571 1575 1647 contendit,
1599 1593 1652 1636 me
1676 1594 1744 1635 non
1766 1570 1869 1634 babet
1891 1570 2144 1646 assentientem,
2171 1590 2244 1632 enm
2263 1592 2303 1631 uu

522 1680 670 1743 dubitem
694 1679 774 1762 quin
796 1675 888 1742 οίκίὲν
909 1677 986 1742 ἄλλο
1008 1690 1046 1742 ut
1070 1681 1204 1762 saepius
1227 1679 1373 1763 elliptiee
1398 1692 1594 1763 usmpatitm
1614 1690 1646 1742 et
1665 1679 1816 1762 πράσσειν
1833 1677 1889 1741 vel
1907 1676 2016 1741 simile
2035 1674 2116 1767 qnid
2134 1674 2309 1757 intellegen-

521 1785 601 1851 dum
624 1786 677 1850 sit.
723 1784 933 1868 Interpretor
956 1785 1070 1867 igitur:
1111 1786 1215 1850 ‘Titio
1239 1787 1368 1850 fumum
1391 1786 1460 1851 edit
1487 1785 1637 1868 beneque
1661 1806 1682 1848 o
1703 1783 1799 1847 nobis
1828 1796 2008 1867 apparatus
2037 1792 2100 1859 est,
2135 1804 2178 1846 eo
2205 1792 2307 1845 tanen

521 1892 659 1957 consilio
684 1904 720 1955 ut
745 1913 923 1955 exuramus
948 1890 1105 1975 Cyclopis
1128 1892 1281 1957 ocrdum'.
1329 1894 1385 1957 efr.
1408 1893 1568 1957 Androm.
1591 1894 1670 1956 745:
1701 1896 1775 1978 σκιᾷ
1789 1893 1846 1976 γὰρ
1861 1890 2054 1972 ἀντίστοιχος
2067 1884 2114 1956 οἷν
2128 1891 2308 1975 φωνὴνέχοε

520 1998 671 2076 ἀδύνατος
686 1996 778 2065 οὐδὲν
792 1997 869 2063 ἄλλο
884 2000 968 2085 πλὴν
980 2001 1083 2081 λέγειν
1095 2001 1205 2083 μόνον.
1236 1999 1342 2063 Plura
1360 1999 1460 2083 hujus
1479 1999 1607 2082 ellipsis
1627 2021 1708 2063 usus
1728 1998 1881 2081 exempla
1900 1998 2019 2061 afferre
2039 1998 2099 2061 rix
2117 2019 2205 2080 opus
2222 1996 2298 2059 fueri

1054 2116 1128 2179 608.
1162 2117 1301 2202 λήψεται
1323 2117 1378 2181 τὸν
1399 2117 1554 2204 τράχηλον

1159 2223 1293 2298 ἐντόνως
1311 2221 1329 2288 ὁ
1350 2225 1496 2308 καρκίνος

1160 2331 1216 2394 τοῦ
1235 2333 1332 2403 ξένων
1353 2325 1550 2409 δοιτνμόνος·
1573 2325 1650 2410 πυρὶ
1670 2327 1726 2410 γὰρ
1748 2328 1828 2406 τάχα

1161 2435 1345 2519 ᾳωςφόρονς
1367 2432 1437 2499 ὀλεῖ
1453 2433 1556 2518 κόρας,

521 2548 586 2612 His
609 2550 643 2612 in
664 2549 826 2625 versibus,
852 2570 1051 2632 quamquam
1070 2548 1286 2613 Hermannus
1306 2549 1385 2632 qnid
1404 2549 1569 2633 significet
1589 2548 1709 2611 chorus
1728 2549 1843 2631 paucis
1862 2547 1974 2612 verbis
1993 2546 2179 2610 clarissime
2198 2545 2300 2608 demetr

523 2666 616 2731 strat,
652 2655 871 2720 Weckleinus
901 2655 1026 2739 aliquid
1057 2656 1131 2721 vitii
1159 2656 1264 2720 latere
1294 2666 1417 2734 censet,
1450 2655 1484 2719 id
1513 2654 1600 2737 quod
1628 2655 1688 2717 vix
1719 2656 1874 2737 cuiquam
1906 2654 2068 2737 probabit.
2119 2652 2301 2717 ‘Referunt'

523 2764 622 2837 enim,
657 2772 693 2827 ut
717 2764 764 2827 ait
787 2763 1011 2841 Hermannus
1045 2764 1155 2827 emnia
1185 2761 1227 2827 ad
1256 2764 1418 2841 titionem,
1452 2761 1639 2845 collumque
1668 2760 1897 2825 tantummode
1925 2774 2104 2844 propterea
2133 2760 2294 2825 nominetur

523 2868 611 2952 qued
635 2868 887 2954 ἅνθρωποφογίο
909 2868 1066 2953 Cyclopis
1089 2869 1258 2953 punienda
1282 2870 1353 2949 est'3
1388 2869 1508 2933 chorus
1540 2869 1644 2952 igitur
1671 2869 1813 2952 figurata
1842 2869 1991 2932 oratione
2021 2866 2106 2930 nihil
2136 2865 2225 2930 uliud
2247 2862 2297 2925 dtu

523 2996 638 3059 quam:
674 2988 762 3040 ‘mox
785 2974 929 3059 Cyclops
957 2975 1109 3040 homines
1133 2998 1252 3040 rorare
1281 2974 1420 3049 desinet,
1454 2997 1532 3039 nam
1561 2975 1714 3039 celeriter
1742 2976 1819 3058 igne
1847 2973 1974 3037 lucidus
2005 2974 2140 3037 amittet
2166 2970 2291 3056 pupilla

523 3080 651 3146 Eodem
674 3105 775 3146 sensu
800 3082 989 3146 invenimus
1012 3079 1095 3156 ὀλεῖς
1112 3082 1211 3147 Here.
1232 3082 1311 3146 Fur.
1334 3084 1408 3147 878.
1452 3080 1576 3146 Contra
1599 3103 1640 3146 ee
1657 3081 1887 3159 Weckleinus
1912 3089 1950 3144 ut
1973 3082 2008 3144 iu
2031 3080 2139 3145 altero
2162 3078 2290 3145 enuntiat«

524 3188 710 3272 subjeettun
740 3188 827 3271 quod
855 3198 978 3253 vocant
1005 3188 1125 3253 habeat
1157 3186 1228 3256 ὀλεῖ
1255 3190 1370 3267 futuri,
1403 3190 1457 3253 cui
1488 3189 1558 3253 vim
1589 3188 1750 3273 perdendi
1776 3188 1832 3252 rel
1861 3187 1996 3252 delendi
2021 3187 2184 3261 attribuit,
2214 3202 2290 3247 roo-u

527 3293 675 3377 ejusdem
699 3295 961 3379 significationis.
996 3299 1089 3378 cujtnt
1113 3297 1258 3379 καρκίνος
1280 3308 1341 3373 est,
1376 3318 1418 3359 ex
1445 3295 1511 3359 alia
1538 3294 1719 3360 eruendam
1748 3317 1887 3359 censens
1910 3297 2053 3381 πυράγρα
2075 3297 2156 3377 erige
2177 3288 2293 3376 propin*

526 3400 718 3484 legendum,
757 3400 1023 3483 quandoquidem
1056 3413 1091 3466 et
1121 3405 1179 3485 γάρ
1211 3424 1353 3485 pravum
1391 3403 1444 3480 sit,
1479 3412 1514 3466 et
1550 3403 1679 3485 forceps
1712 3401 1834 3467 collum
1867 3400 2150 3485 comprehendere
2179 3398 2289 3475 itemqu

524 3507 657 3572 oculum
681 3507 792 3572 delere
816 3507 880 3571 diei
904 3531 972 3572 non
995 3511 1109 3592 possit.
1157 3506 1224 3572 Sed
1248 3508 1376 3573 fallitur
1398 3509 1695 3585 indoctissimus,
1720 3520 1759 3572 ut
1780 3507 1936 3573 vidimus
1978 3510 2124 3593 πυρόγρα
2146 3508 2291 3589 eonjeuur

524 3613 603 3698 quid
628 3615 706 3680 nori
730 3613 880 3691 addatur,
914 3636 990 3679 eum
1012 3617 1155 3699 πυράγρο
1183 3614 1270 3679 idem
1299 3616 1344 3679 sit
1371 3626 1470 3698 atque
1493 3619 1648 3698 καρκίνος,
1681 3624 1739 3679 aut
1768 3615 1848 3698 quid
1875 3616 2004 3679 fruetus
2033 3636 2078 3679 ex
2105 3636 2145 3680 eo
2171 3610 2290 3694 uptun.

525 3744 587 3805 ego
616 3720 748 3803 quidem
778 3722 913 3785 omnino
942 3721 1137 3806 intellegere
1166 3744 1305 3805 nequeo.
1331 3762 1373 3770 -
1397 3722 1474 3787 Non
1502 3722 1609 3805 magis
1636 3722 1673 3784 in
1695 3744 1726 3786 ν.
1753 3723 1827 3787 617.
1851 3721 1919 3788 ἀλλ’
1939 3722 1995 3787 ἴσον
2017 3724 2151 3808 Μάρων,
2170 3718 2290 3814 'fimf'

525 3838 575 3893 est
599 3827 686 3911 quod
710 3827 867 3892 offendas.
915 3828 1011 3892 Licet
1034 3829 1123 3893 enim
1146 3828 1381 3893 Kirehhoffius
1410 3829 1582 3912 ingeniose
1611 3829 1789 3912 conjecerit
1810 3828 1878 3895 citt
1898 3829 1936 3894 ἴτ’
1957 3820 1992 3910 ol,
2013 3832 2115 3916 μόρον
2134 3820 2254 3915 πρίωὲἶ
2269 3820 2290 3877 ί·

524 3944 647 4013 tamen,
672 3934 760 4017 quod
783 3935 903 3999 chorus
928 3934 989 4000 hoe
1011 3936 1083 4000 loeo
1102 3935 1239 4000 Ulixem
1257 3939 1395 4020 ejusque
1415 3935 1521 4000 socios
1541 3936 1675 4000 omnino
1694 3958 1762 4000 non
1780 3935 1977 4001 adhortatur
1994 3935 2036 4000 ad
2055 3935 2213 4001 difficilem
2226 3924 2288 3991 illut

525 4063 594 4105 rem
618 4039 864 4124 perficiendam,
889 4041 973 4105 nibil
996 4052 1050 4106 est
1070 4042 1273 4106 mutandam.

632 4148 716 4211 Cmu
742 4148 776 4211 in
800 4148 954 4213 omnibus
977 4148 1052 4214 aliis
1075 4149 1197 4214 fabulis
1226 4171 1344 4214 versus
1373 4149 1589 4214 inveniantur
1616 4148 1818 4233 interpolati,
1851 4149 1948 4214 facile
1976 4150 2013 4213 in
2041 4172 2117 4214 eam
2142 4140 2286 4211 adducimur

525 4254 736 4325 seutentiam,
767 4266 805 4318 ut
828 4255 864 4318 in
887 4254 1032 4339 Cyclope
1056 4278 1186 4339 quoque
1210 4278 1314 4320 uuum
1338 4255 1524 4321 alterumve
1548 4256 1699 4339 spurium
1728 4264 1843 4321 extare
1871 4256 2053 4321 eredamus.
2102 4254 2193 4320 Corte
2212 4270 2233 4309 t·
2248 4238 2280 4299 ²¹3·

524 4361 582 4447 τὴν
602 4359 801 4447 decapenta
818 4364 971 4445 δυστυχῶς
991 4362 1168 4449 ἀφιγμένοι,
1191 4385 1291 4446 quem
1315 4363 1408 4427 uncis
1431 4362 1648 4447 saepiendum
1672 4385 1746 4428 esso
1769 4364 1897 4447 primus
1922 4354 2280 4427 11111111111111115111111ΘΚ

526 4466 774 4551 interpolatoris
797 4491 898 4533 ruauu
922 4470 1089 4553 profectus
1113 4481 1178 4549 est;
1203 4467 1357 4552 idemque
1381 4469 1421 4533 de
1444 4469 1599 4534 versibus
1625 4470 1698 4534 181.
1719 4480 1754 4533 et
1772 4472 1846 4533 404.
1861 4468 2080 4554 judicandum
2104 4488 2171 4534 esso
2190 4461 2281 4525 temou-

526 4573 646 4636 strarit
671 4573 904 4640 Wilainowitz.
953 4576 1031 4643 Alia
1054 4587 1165 4640 autem
1190 4584 1241 4640 est
1264 4598 1318 4640 res
1342 4576 1378 4639 iu
1400 4599 1431 4640 v.
1458 4577 1544 4654 674„
1578 4575 1620 4639 ad
1648 4597 1748 4659 quem
1775 4575 1971 4641 Dindorfius
1999 4575 2147 4642 adnotat:
2177 4568 2279 4632 *ΜΝ

526 4699 645 4743 versus
668 4690 768 4755 totus,
794 4682 852 4765 qui
875 4683 1003 4748 inutilis
1027 4694 1087 4759 cst,
1112 4681 1293 4748 delendus’.
1341 4681 1503 4767 Legimus
1526 4682 1630 4747 euim:

792 4828 824 4870 ν.
846 4808 919 4871 672.
953 4804 1045 4891 Cycl.
1073 4798 1166 4885 Οὖτίς
1183 4806 1217 4891 μ’
1238 4805 1381 4874 emend.
1428 4806 1527 4872 Cher.
1553 4804 1610 4873 cdx
1630 4806 1679 4894 ἄρ’
1700 4805 1800 4883 οὐδείς
1822 4806 1849 4874 σ’
1870 4806 1978 4895 ἠδίκει.

948 4913 1039 4998 0501.
1067 4905 1159 4992 Οὖτίς
1179 4938 1220 4999 με
1240 4916 1356 5000 τυφλοῖ
1373 4916 1542 5000 βλέφαρον.
1589 4912 1687 4978 chor.
1712 4912 1770 4979 οὐκ
1791 4914 1839 5002 ἄρ’
1860 4908 1893 4981 el
1910 4915 2033 5000 τυφλός.

948 5019 1039 5105 Oyel
1064 5021 1107 5098 ὥς
1127 5024 1165 5109 δὴ
1187 5023 1234 5090 ού.
1281 5020 1380 5086 Obor.
1405 5024 1462 5087 καί
1481 5024 1548 5098 πῶς
1569 5017 1596 5087 σ’
1616 5018 1700 5098 οὔτις
1718 5014 1759 5086 ἂν
1778 5023 1853 5109 θείη
1876 5023 2012 5108 notan

948 5125 1040 5212 Cycl.
1065 5129 1218 5207 σκώπτεις
1239 5130 1303 5195 κτλἸ
