4716 5778
1455 446 1497 506 30

1332 620 1413 687 ἀλλὰ
1435 619 1511 703 πρὶν
1533 626 1656 698 θανεῑν,
1679 622 1755 697 νειὸς
1777 624 1831 686 ἔαι

1139 728 1316 813 φεύγωμεν,
1339 725 1420 816 ᾗπερ
1444 730 1524 813 δεῦρ’
1548 729 1825 814 ἐναυστολήσαμεν,

572 856 734 939 aquilius
758 853 979 918 Weelrleiuus
1010 874 1144 916 calisam
1172 853 1305 935 repetit,
1339 873 1398 916 αα
1420 875 1451 916 ν,
1482 854 1553 915 116,
1579 861 1614 915 et-
1639 855 1710 916 117.
1736 853 1777 917 ab
1806 852 1921 917 eodem
1947 852 2068 918 Oreste
2093 855 2265 937 abjudicat.
2300 858 2321 934 (γ

571 972 748 1048 postquam
771 982 806 1025 se
831 980 906 1024 eum
930 961 1035 1023 amieo
1059 981 1126 1023 non
1149 982 1248 1043 posse
1272 960 1307 1022 in
1326 958 1489 1042 ternplum
1508 960 1646 1023 introire
1666 960 1911 1043 imaginemque
1931 960 2062 1026 auferre
2082 963 2249 1046 exposuit,
2270 966 2330 1030 fur:-

571 1068 788 1141 eonuueudat,
823 1068 894 1132 sive
924 1065 1064 1149 Pyladis
1094 1088 1206 1130 amore
1234 1065 1389 1129 indue-tus
1418 1069 1531 1149 (quem
1561 1074 1765 1149 quantopere
1795 1066 1922 1149 diligat,
1957 1089 1999 1130 ex
2023 1091 2053 1132 ν.
2081 1071 2149 1133 598
2164 1072 2279 1133 -eoa
2296 1094 2335 1153 p·-

571 1180 723 1261 spieuuru
752 1184 812 1248 est,
847 1173 967 1257 quibus
998 1174 1040 1237 ab
1068 1172 1247 1256 Iphigenia
1277 1171 1435 1255 postulat,
1469 1182 1508 1236 ut
1535 1173 1607 1256 ipse
1631 1195 1691 1256 pro
1716 1171 1845 1255 Pylade
1877 1173 2078 1251 immoletur,
2113 1177 2243 1240 anneus
2270 1198 2331 1239 aare

569 1286 761 1349 remittatur
794 1282 827 1344 iu
860 1281 1028 1365 patriam),
1063 1279 1134 1343 siro
1165 1279 1253 1363 quod
1283 1302 1318 1343 se
1342 1278 1462 1343 inutile
1490 1280 1661 1363 negotium
1695 1280 1864 1386 eusqipere
1894 1279 1998 1345 videt:
2034 1302 2138 1365 quam
2173 1305 2241 1347 rem
2270 1306 2326 1345 eur·

569 1392 698 1456 tribuas
718 1389 880 1473 ignaviae,
900 1387 1028 1450 nullam
1047 1386 1183 1450 invenio
1203 1408 1347 1450 eausam.
1384 1385 1560 1450 Dindorfio
1579 1387 1683 1469 igitur
1700 1394 1834 1449 airetoro
1853 1386 1913 1451 hos
1933 1386 2016 1451 duos
2034 1410 2170 1463 versus,
2188 1413 2233 1454 ne
2250 1389 2327 1453 Ore·

570 1498 724 1563 videatur
742 1497 855 1579 fugam
879 1493 1028 1572 suadere,
1058 1494 1299 1576 interrogative
1328 1492 1432 1557 diotos
1456 1504 1574 1576 putare
1598 1502 1656 1557 ant
1678 1491 1869 1576 Hartungio
1887 1494 2028 1577 jubente
2052 1517 2112 1580 pro
2139 1494 2224 1561 ἄλλα
2245 1498 2328 1561 scau

569 1602 636 1669 ἀλλ’
659 1595 677 1689 ἦ
700 1604 758 1667 vix
783 1624 866 1686 opus
889 1601 1001 1665 fuerit.
1049 1600 1246 1684 Respondet
1268 1598 1383 1664 Oresti
1407 1599 1563 1684 Pylades,
1595 1622 1690 1683 quae,
1724 1601 1754 1664 si
1780 1622 1899 1665 versus
1927 1601 2003 1665 illos
2032 1602 2068 1665 in
2097 1606 2176 1684 ejus
2207 1605 2321 1667 onan·

569 1732 637 1775 non
666 1711 850 1787 inferimus,
884 1708 1031 1791 perbene
1063 1708 1153 1770 iuter
1185 1729 1221 1771 se
1253 1707 1442 1771 cohaerent,
1490 1706 1656 1789 Loquitur
1688 1708 1778 1770 enim
1809 1708 1879 1771 fere
1913 1707 2008 1774 haee:
2046 1718 2135 1774 ‘eum
2168 1733 2272 1794 neque
2297 1716 2333 1776 rx:

570 1818 712 1881 salutem
736 1826 850 1901 petere
874 1815 977 1879 moris
1000 1814 1108 1878 nostri
1132 1815 1176 1877 sit
1200 1822 1235 1877 et
1257 1812 1343 1897 qued
1371 1813 1493 1896 Apollo
1517 1814 1688 1877 mandavit
1711 1814 1808 1877 nobis
1832 1816 1877 1878 sit
1900 1815 2155 1898 perfieiondum,
2181 1817 2333 1882 discedunt·

570 1948 590 1988 a
613 1925 736 2007 temple
761 1947 822 1987 nos
845 1923 881 1986 in
904 1922 1010 1986 antris
1034 1921 1248 1996 occultemus,
1282 1930 1315 1984 et
1346 1920 1481 2003 quamdo,
1506 1921 1759 1985 obscurrissima
1787 1944 1855 1985 nox
1878 1931 2024 2005 appetet,
2055 1945 2265 2007 quocumque
2284 1944 2326 1988 uu

571 2030 679 2113 (vides
702 2029 819 2114 templi
843 2029 1015 2105 foramina,
1040 2050 1101 2110 per
1124 2049 1209 2111 quae
1234 2050 1353 2111 eorpus
1377 2027 1554 2092 demittere
1578 2029 1759 2110 possimus)
1783 2039 1930 2093 statuam
1953 2053 1996 2093 ex
2019 2031 2096 2094 fano
2119 2030 2335 2115 raperent

570 2139 665 2202 nius’.
709 2136 764 2201 Ad
789 2159 873 2220 quae
899 2134 1052 2199 Orestes:
1086 2143 1185 2198 ‘reete
1205 2133 1297 2211 dieis,
1322 2157 1430 2217 nequo
1455 2135 1545 2199 euim
1567 2135 1667 2218 longo
1691 2136 1810 2200 itinere
1836 2140 1983 2201 eonfeeto
2007 2136 2190 2221 prudentis
2215 2152 2262 2203 est
2280 2139 2321 2199 ab:

571 2244 700 2309 sedati
725 2246 777 2307 ris
800 2264 995 2307 maneamus
1025 2253 1278 2325 opportunoque
1309 2252 1459 2325 tempore
1489 2263 1636 2325 agamus.
1683 2241 1761 2306 Non
1789 2244 1817 2306 is
1847 2266 1931 2319 sum,
1966 2245 2023 2328 qui
2053 2247 2230 2310 oraeulum
2257 2247 2315 2308 im

569 2351 643 2416 fieri
665 2352 769 2415 uelim
791 2352 995 2433 (eonjeetura
1019 2350 1109 2412 onim
1132 2349 1306 2431 ingeniosa
1331 2348 1551 2412 Weekleinus
1575 2371 1605 2412 r.
1634 2350 1706 2413 120.
1732 2358 1820 2413 reete
1845 2351 1892 2414 sio
1915 2352 2077 2415 restituit:
2103 2351 2225 2437 οὐγὰρ
2247 2356 2328 2417 uu

569 2459 595 2543 γ’
617 2459 718 2524 αἴτιον
740 2460 900 2545 γενήσεται
923 2466 1032 2522 πεσεῖν
1054 2455 1208 2542 ἄχρηστον
1230 2460 1402 2540 θέσφατον,
1435 2455 1523 2538 quod
1551 2454 1639 2518 idem
1668 2455 1850 2539 eodemque
1879 2458 1948 2521 fere
1978 2472 2126 2541 tempore
2163 2460 2313 2522 Wilauuu

571 2567 713 2643 invenit3
748 2565 804 2628 eir.
830 2585 904 2647 pag.
931 2565 1018 2645 245).
1071 2561 1166 2626 Haeo
1198 2564 1318 2640 omnia,
1352 2563 1549 2645 praesertim
1584 2583 1658 2625 eum
1687 2560 1825 2627 Orestes
1857 2564 1931 2647 ipse
1961 2588 1991 2629 ν.
2021 2568 2092 2629 120.
2123 2568 2173 2639 (si
2208 2567 2315 2650 palum

570 2673 663 2737 illam
687 2671 951 2735 euierulationem
977 2670 1163 2755 sequanae)
1188 2669 1308 2732 fortem
1333 2692 1369 2732 se
1393 2671 1539 2732 animum
1564 2690 1778 2751 reeuperasse
1804 2671 1969 2754 signifieat
1989 2682 2088 2754 atque
2108 2672 2244 2755 Pylade
2262 2672 2319 2736 ardr

571 2780 702 2845 etiamsi
729 2778 826 2842 modo
857 2800 917 2841 suu
948 2777 1053 2860 ipsius
1082 2799 1181 2839 (rausa
1210 2777 1324 2859 frigam
1353 2777 1497 2840 suaserit
1525 2776 1694 2858 (similiter
1723 2775 1814 2860 Opel.
1845 2801 1876 2840 ν.
1910 2780 1980 2841 lat.
2033 2779 2157 2843 Ulixes
2193 2781 2311 2845 interro.

570 2909 635 2972 que
658 2887 775 2967 fugiat,
801 2884 859 2949 sed
885 2887 957 2947 199.
978 2884 1091 2965 fugam
1116 2885 1269 2966 respuit),
1294 2906 1361 2946 uon
1385 2883 1473 2947 idem
1497 2883 1583 2966 quod
1608 2896 1684 2947 riute
1709 2884 1748 2948 do
1773 2884 1834 2948 liae
1857 2907 1892 2948 re
1911 2885 2062 2968 judieare
2087 2887 2223 2964 debeat,
2247 2887 2281 2950 ud

569 2994 709 3057 tentiam
734 2992 902 3076 praedare
927 2992 1015 3054 iuter
1038 3015 1073 3054 se
1099 2991 1285 3055 ‹rolmereut
1326 2990 1449 3054 (burra
1474 3014 1511 3054 ea
1532 2992 1559 3055 si
1580 2990 1739 3056 suadente
1761 2992 1959 3056 Weelrleiue
1979 3015 2098 3058 versus
2122 2996 2328 3079 transponit·

571 3099 711 3184 Pyladis
735 3100 837 3163 verba

1104 3188 1233 3270 (γεύγειν
1254 3187 1314 3269 μὲν
1336 3186 1392 3251 oda
1415 3186 1546 3251 α’νεκτύν
1568 3185 1634 3252 odd'
1657 3186 1826 3269 εἰιύθαμεν,

1104 3295 1158 3357 τὸν
1183 3295 1236 3360 τού
1257 3300 1336 3360 θεοῦ
1360 3318 1391 3359 τε
1413 3296 1552 3378 χρησμὸν
1574 3294 1612 3357 ού
1633 3301 1812 3358 κακιστέον·

1102 3398 1187 3466 orirer
1209 3403 1331 3483 μακρὸν
1352 3403 1413 3483 μὲν
1435 3399 1575 3488 ἤλθομεν
1597 3402 1686 3487 κιύαγγ
1709 3403 1819 3483 αύρον,

1102 3509 1137 3571 ἐκ
1160 3510 1320 3590 τερμόνιον
1341 3509 1374 3573 δὲ
1398 3509 1508 3572 νόριον
1530 3507 1667 3591 ύρούμεν
1689 3509 1793 3572 πάλιν.

1101 3616 1181 3680 ναού
1202 3614 1234 3679 δ’
1253 3613 1495 3694 ύααύλαχθὲννε
1517 3615 1689 3699 κρύψωμεν
1711 3616 1806 3696 δέμας

569 3764 670 3826 quam
693 3741 779 3804 male
803 3741 892 3802 iuter
915 3762 950 3802 se
975 3759 1099 3803 conexa
1124 3738 1191 3801 siut
1215 3746 1314 3819 atque
1339 3737 1503 3820 colligata,
1528 3737 1602 3819 quis
1628 3738 1758 3819 estqui
1782 3761 1849 3801 neu
1875 3739 2007 3803 rideat?
2045 3738 2139 3806 Olim
2163 3742 2333 3807 wenstan·

570 3849 697 3935 (sselptb.
714 3850 741 3912 7.
763 3846 1039 3927 (ἔιινγίνναναῖθοαῠ
1062 3846 1277 3929 187345.)
1304 3843 1363 3907 lios
1387 3843 1470 3907 duos
1495 3866 1612 3907 versus
1635 3856 1712 3927 post
1738 3846 1808 3908 119.
1835 3846 1986 3910 sollemni
2005 3850 2166 3929 jusserat,
2193 3874 2255 3933 quo
2274 3866 2333 3929 ‹pr-

570 3966 684 4039 topere
709 3955 813 4018 series
837 3952 1080 4015 sententiarum
1103 3952 1368 4034 interrumpatur
1391 3952 1463 4034 ipse
1487 3974 1575 4013 uuue
1604 3950 1738 4013 videtur
1767 3952 1983 4017 intellexisse.
2031 3954 2106 4019 ΗοεΙ
2130 3958 2261 4040 quidem
2281 3951 2328 4014 dd'

570 4063 635 4126 tari
658 4085 725 4126 uon
748 4070 868 4144 petest,
902 4060 982 4141 quiu
1006 4056 1129 4134 Oresti,
1164 4061 1258 4137 eujus
1287 4080 1361 4122 eum
1386 4058 1522 4140 reliquis
1546 4059 1658 4121 verbis
1683 4059 1788 4121 artius
1813 4061 1979 4141 eonjuneti
2003 4072 2090 4139 suut,
2126 4066 2234 4129 inulto
2259 4060 2334 4126 uui.-

570 4170 791 4251 assignentur.
839 4165 951 4245 (γαῖαν
984 4166 1048 4228 uisi
1073 4167 1167 4241 forte,
1192 4164 1224 4227 id
1250 4164 1337 4247 quod
1355 4165 1454 4247 jubet
1477 4164 1681 4242 Diuderlius‚
1707 4188 1824 4229 versus
1853 4170 1923 4231 116.
1945 4176 1979 4231 et
2005 4172 2077 4233 117.
2104 4181 2143 4235 ut
2168 4171 2268 4255 spurii
2292 4176 2334 4229 ur·

571 4274 719 4347 eiciendi,
745 4271 883 4337 Orestes
903 4282 961 4335 :tut-
978 4272 1118 4355 Pyladis
1137 4273 1244 4355 gmtia
1264 4273 1375 4355 fumun
1396 4272 1540 4335 suasisse
1561 4283 1616 4335 aut
1638 4274 1836 4336 sententiam
1858 4295 1951 4337 suam
1971 4285 2119 4341 mutasse
2140 4272 2334 4344 existiuuud'·

571 4395 635 4462 est;
665 4396 754 4445 eerte
779 4403 844 4444 nou
869 4402 952 4463 opus
976 4390 1028 4444 est
1051 4380 1227 4462 quiequam
1251 4379 1400 4442 traicere.

677 4488 792 4551 Lim-at
817 4487 899 4550 milii
923 4486 985 4550 hoe
1008 4486 1080 4550 leeo
1105 4507 1210 4571 pasuea
1234 4485 1354 4550 addere
1378 4485 1418 4549 de

1059 4635 1091 4676 ν.
1117 4612 1187 4676 113.
1221 4608 1280 4694 ὅρα
1303 4613 1337 4675 δέ
1358 4608 1385 4693 γ’
1406 4610 1479 4675 εἴσω
1503 4612 1686 4697 τριγλύφων,
1710 4609 1899 4679 ὅποοκενύν

1215 4721 1310 4800 δέμας
1332 4723 1488 4783 καθεῖναι.

570 4844 612 4908 In
640 4867 715 4928 quo,
749 4868 854 4928 usque
884 4843 925 4908 ad
954 4843 1015 4908 lroe
1045 4851 1177 4927 tempus
1206 4864 1226 4905 a
1255 4841 1348 4905 nullo
1377 4841 1595 4925 probabiliter
1624 4853 1779 4919 eorreeto,
1813 4845 2005 4911 Weckleiui
2035 4870 2169 4933 quoque
2193 4843 2322 4914 enreulut

570 4951 694 5034 Δωρικὰ
712 4950 746 5015 δὲ
764 4960 851 5032 γεῖσα
869 4947 1142 5034 intramurana
1160 4955 1249 5013 κενοῖ
1264 4948 1392 5011 nullam
1410 4958 1468 5012 aut
1487 4950 1683 5033 prexiguam
1703 4951 1804 5016 habet
1822 4954 2160 5035 verisimilitudinem,
2185 4966 2329 5042 praesuret

571 5077 636 5139 qua
659 5063 747 5120 κενοῖ
768 5056 870 5120 verbo
894 5056 1094 5139 significatio
1118 5055 1217 5139 plaue
1242 5055 1402 5119 inusitata
1425 5056 1616 5121 subieiatur.
1665 5055 1850 5137 Sententia,
1875 5083 1974 5143 quam
1998 5061 2052 5126 hie
2075 5062 2168 5128 loeus
2192 5076 2321 5129 necessu}

570 5163 720 5245 requirit,
746 5173 797 5227 est
821 5162 991 5245 ejusmodi,
1016 5174 1053 5227 ut
1078 5163 1150 5226 sine
1175 5161 1244 5226 ulla
1266 5161 1473 5227 dubitatione
1496 5164 1724 5247 probaremus,
1753 5167 1782 5231 si
1806 5165 1888 5232 haiae
1910 5168 2036 5252 seripta
2058 5178 2187 5236 essent:
2211 5162 2331 5249 imq'ssd*
